%YAML 1.1
%TAG !u! tag:unity3d.com,2011:
--- !u!1 &1397025624497552336
GameObject:
  m_ObjectHideFlags: 0
  m_CorrespondingSourceObject: {fileID: 0}
  m_PrefabInstance: {fileID: 0}
  m_PrefabAsset: {fileID: 0}
  serializedVersion: 6
  m_Component:
  - component: {fileID: 7343282371012451695}
  - component: {fileID: 8279855296966258922}
  m_Layer: 0
  m_Name: ItemPickup
  m_TagString: Untagged
  m_Icon: {fileID: 0}
  m_NavMeshLayer: 0
  m_StaticEditorFlags: 0
  m_IsActive: 1
--- !u!4 &7343282371012451695
Transform:
  m_ObjectHideFlags: 0
  m_CorrespondingSourceObject: {fileID: 0}
  m_PrefabInstance: {fileID: 0}
  m_PrefabAsset: {fileID: 0}
  m_GameObject: {fileID: 1397025624497552336}
  m_LocalRotation: {x: 0, y: 0, z: 0, w: 1}
  m_LocalPosition: {x: 0, y: 0, z: 0}
  m_LocalScale: {x: 1, y: 1, z: 1}
  m_Children:
  - {fileID: 8787754824717249068}
  - {fileID: 8899758497577992518}
  m_Father: {fileID: 0}
  m_RootOrder: 0
  m_LocalEulerAnglesHint: {x: 0, y: 0, z: 0}
--- !u!114 &8279855296966258922
MonoBehaviour:
  m_ObjectHideFlags: 0
  m_CorrespondingSourceObject: {fileID: 0}
  m_PrefabInstance: {fileID: 0}
  m_PrefabAsset: {fileID: 0}
  m_GameObject: {fileID: 1397025624497552336}
  m_Enabled: 1
  m_EditorHideFlags: 0
  m_Script: {fileID: 11500000, guid: 58cf4cb9c9accce4ba6a3d2c8321b103, type: 3}
  m_Name: 
  m_EditorClassIdentifier: 
  Collider: {fileID: 0}
  inspectable: {fileID: 883901051718971305}
  ItemData: {fileID: 0}
--- !u!1 &6034438896134315563
GameObject:
  m_ObjectHideFlags: 0
  m_CorrespondingSourceObject: {fileID: 0}
  m_PrefabInstance: {fileID: 0}
  m_PrefabAsset: {fileID: 0}
  serializedVersion: 6
  m_Component:
  - component: {fileID: 8899758497577992518}
  m_Layer: 0
  m_Name: Model
  m_TagString: Untagged
  m_Icon: {fileID: 0}
  m_NavMeshLayer: 0
  m_StaticEditorFlags: 0
  m_IsActive: 1
--- !u!4 &8899758497577992518
Transform:
  m_ObjectHideFlags: 0
  m_CorrespondingSourceObject: {fileID: 0}
  m_PrefabInstance: {fileID: 0}
  m_PrefabAsset: {fileID: 0}
  m_GameObject: {fileID: 6034438896134315563}
  m_LocalRotation: {x: 0, y: 0, z: 0, w: 1}
  m_LocalPosition: {x: 0, y: 0, z: 0}
  m_LocalScale: {x: 1, y: 1, z: 1}
  m_Children: []
  m_Father: {fileID: 7343282371012451695}
  m_RootOrder: 1
  m_LocalEulerAnglesHint: {x: 0, y: 0, z: 0}
--- !u!64 &1825071475846064001
MeshCollider:
  m_ObjectHideFlags: 0
  m_CorrespondingSourceObject: {fileID: 0}
  m_PrefabInstance: {fileID: 0}
  m_PrefabAsset: {fileID: 0}
  m_GameObject: {fileID: 8787754824717249066}
  m_Material: {fileID: 0}
  m_IsTrigger: 0
  m_Enabled: 1
  serializedVersion: 4
  m_Convex: 0
  m_CookingOptions: 30
  m_Mesh: {fileID: -9129395706538844245, guid: ab5b0cc52a7fc0f46b0fd6588a070bf3, type: 3}
--- !u!1001 &1825071475846064003
PrefabInstance:
  m_ObjectHideFlags: 0
  serializedVersion: 2
  m_Modification:
    m_TransformParent: {fileID: 7343282371012451695}
    m_Modifications:
    - target: {fileID: 1519907169805076522, guid: 0230aed6768c31042ab37cadcf55377c,
        type: 3}
      propertyPath: Collider
      value: 
      objectReference: {fileID: 1825071475846064001}
    - target: {fileID: 6964698772617506116, guid: 0230aed6768c31042ab37cadcf55377c,
        type: 3}
      propertyPath: m_LocalRotation.z
      value: -0.50623614
      objectReference: {fileID: 0}
    - target: {fileID: 6964698772617506116, guid: 0230aed6768c31042ab37cadcf55377c,
        type: 3}
      propertyPath: m_LocalPosition.x
      value: -0.085
      objectReference: {fileID: 0}
    - target: {fileID: 6964698772617506116, guid: 0230aed6768c31042ab37cadcf55377c,
        type: 3}
      propertyPath: m_LocalRotation.x
      value: 0.37580758
      objectReference: {fileID: 0}
    - target: {fileID: 6964698772617506116, guid: 0230aed6768c31042ab37cadcf55377c,
        type: 3}
      propertyPath: m_LocalRotation.y
      value: 0.623243
      objectReference: {fileID: 0}
    - target: {fileID: 6964698772617506116, guid: 0230aed6768c31042ab37cadcf55377c,
        type: 3}
      propertyPath: m_LocalRotation.w
      value: 0.46266824
      objectReference: {fileID: 0}
    - target: {fileID: 6964698772617506116, guid: 0230aed6768c31042ab37cadcf55377c,
        type: 3}
      propertyPath: m_LocalPosition.z
      value: 0.0257
      objectReference: {fileID: 0}
    - target: {fileID: 6964698772617506116, guid: 0230aed6768c31042ab37cadcf55377c,
        type: 3}
      propertyPath: m_LocalPosition.y
      value: 0.421
      objectReference: {fileID: 0}
    - target: {fileID: 6964698774203501993, guid: 0230aed6768c31042ab37cadcf55377c,
        type: 3}
      propertyPath: m_Name
      value: Inspection
      objectReference: {fileID: 0}
    - target: {fileID: 6964698774203501999, guid: 0230aed6768c31042ab37cadcf55377c,
        type: 3}
      propertyPath: m_LocalPosition.x
      value: 0
      objectReference: {fileID: 0}
    - target: {fileID: 6964698774203501999, guid: 0230aed6768c31042ab37cadcf55377c,
        type: 3}
      propertyPath: m_LocalPosition.y
      value: 0
      objectReference: {fileID: 0}
    - target: {fileID: 6964698774203501999, guid: 0230aed6768c31042ab37cadcf55377c,
        type: 3}
      propertyPath: m_LocalPosition.z
      value: 0
      objectReference: {fileID: 0}
    - target: {fileID: 6964698774203501999, guid: 0230aed6768c31042ab37cadcf55377c,
        type: 3}
      propertyPath: m_LocalRotation.x
      value: -0
      objectReference: {fileID: 0}
    - target: {fileID: 6964698774203501999, guid: 0230aed6768c31042ab37cadcf55377c,
        type: 3}
      propertyPath: m_LocalRotation.y
      value: -0
      objectReference: {fileID: 0}
    - target: {fileID: 6964698774203501999, guid: 0230aed6768c31042ab37cadcf55377c,
        type: 3}
      propertyPath: m_LocalRotation.z
      value: -0
      objectReference: {fileID: 0}
    - target: {fileID: 6964698774203501999, guid: 0230aed6768c31042ab37cadcf55377c,
        type: 3}
      propertyPath: m_LocalRotation.w
      value: 1
      objectReference: {fileID: 0}
    - target: {fileID: 6964698774203501999, guid: 0230aed6768c31042ab37cadcf55377c,
        type: 3}
      propertyPath: m_RootOrder
      value: 0
      objectReference: {fileID: 0}
    - target: {fileID: 6964698774203501999, guid: 0230aed6768c31042ab37cadcf55377c,
        type: 3}
      propertyPath: m_LocalEulerAnglesHint.x
      value: 0
      objectReference: {fileID: 0}
    - target: {fileID: 6964698774203501999, guid: 0230aed6768c31042ab37cadcf55377c,
        type: 3}
      propertyPath: m_LocalEulerAnglesHint.y
      value: 0
      objectReference: {fileID: 0}
    - target: {fileID: 6964698774203501999, guid: 0230aed6768c31042ab37cadcf55377c,
        type: 3}
      propertyPath: m_LocalEulerAnglesHint.z
      value: 0
      objectReference: {fileID: 0}
    m_RemovedComponents:
    - {fileID: 2668351957671356374, guid: 0230aed6768c31042ab37cadcf55377c, type: 3}
  m_SourcePrefab: {fileID: 100100000, guid: 0230aed6768c31042ab37cadcf55377c, type: 3}
--- !u!1 &8787754824717249066 stripped
GameObject:
  m_CorrespondingSourceObject: {fileID: 6964698774203501993, guid: 0230aed6768c31042ab37cadcf55377c,
    type: 3}
  m_PrefabInstance: {fileID: 1825071475846064003}
  m_PrefabAsset: {fileID: 0}
--- !u!4 &8787754824717249068 stripped
Transform:
  m_CorrespondingSourceObject: {fileID: 6964698774203501999, guid: 0230aed6768c31042ab37cadcf55377c,
    type: 3}
  m_PrefabInstance: {fileID: 1825071475846064003}
  m_PrefabAsset: {fileID: 0}
--- !u!114 &883901051718971305 stripped
MonoBehaviour:
  m_CorrespondingSourceObject: {fileID: 1519907169805076522, guid: 0230aed6768c31042ab37cadcf55377c,
    type: 3}
  m_PrefabInstance: {fileID: 1825071475846064003}
  m_PrefabAsset: {fileID: 0}
  m_GameObject: {fileID: 8787754824717249066}
  m_Enabled: 1
  m_EditorHideFlags: 0
  m_Script: {fileID: 11500000, guid: ddf6be3ffef44794a8d9f46117c0c737, type: 3}
  m_Name: 
  m_EditorClassIdentifier: 
