%YAML 1.1
%TAG !u! tag:unity3d.com,2011:
--- !u!1 &1014162496946591498
GameObject:
  m_ObjectHideFlags: 0
  m_CorrespondingSourceObject: {fileID: 0}
  m_PrefabInstance: {fileID: 0}
  m_PrefabAsset: {fileID: 0}
  serializedVersion: 6
  m_Component:
  - component: {fileID: 261362114745086633}
  m_Layer: 0
  m_Name: Base
  m_TagString: Untagged
  m_Icon: {fileID: 0}
  m_NavMeshLayer: 0
  m_StaticEditorFlags: 0
  m_IsActive: 1
--- !u!4 &261362114745086633
Transform:
  m_ObjectHideFlags: 0
  m_CorrespondingSourceObject: {fileID: 0}
  m_PrefabInstance: {fileID: 0}
  m_PrefabAsset: {fileID: 0}
  m_GameObject: {fileID: 1014162496946591498}
  m_LocalRotation: {x: 0, y: 0, z: 0, w: 1}
  m_LocalPosition: {x: 0, y: 0, z: 0}
  m_LocalScale: {x: 1, y: 1, z: 1}
  m_Children:
  - {fileID: 7623582775648167608}
  m_Father: {fileID: 6833401253951752909}
  m_RootOrder: 0
  m_LocalEulerAnglesHint: {x: 0, y: 0, z: 0}
--- !u!1 &1158039549434721758
GameObject:
  m_ObjectHideFlags: 0
  m_CorrespondingSourceObject: {fileID: 0}
  m_PrefabInstance: {fileID: 0}
  m_PrefabAsset: {fileID: 0}
  serializedVersion: 6
  m_Component:
  - component: {fileID: 7543238036831598400}
  - component: {fileID: 5350189364757563710}
  - component: {fileID: 5781210939715609275}
  - component: {fileID: 689302176856346612}
  m_Layer: 0
  m_Name: snap
  m_TagString: Untagged
  m_Icon: {fileID: 0}
  m_NavMeshLayer: 0
  m_StaticEditorFlags: 0
  m_IsActive: 1
--- !u!4 &7543238036831598400
Transform:
  m_ObjectHideFlags: 0
  m_CorrespondingSourceObject: {fileID: 0}
  m_PrefabInstance: {fileID: 0}
  m_PrefabAsset: {fileID: 0}
  m_GameObject: {fileID: 1158039549434721758}
  m_LocalRotation: {x: -0, y: -0, z: -0, w: 1}
  m_LocalPosition: {x: 0, y: 0, z: 0}
  m_LocalScale: {x: 1, y: 1, z: 1}
  m_Children: []
  m_Father: {fileID: 259535189815631242}
  m_RootOrder: 1
  m_LocalEulerAnglesHint: {x: 0, y: 0, z: 0}
--- !u!114 &5350189364757563710
MonoBehaviour:
  m_ObjectHideFlags: 0
  m_CorrespondingSourceObject: {fileID: 0}
  m_PrefabInstance: {fileID: 0}
  m_PrefabAsset: {fileID: 0}
  m_GameObject: {fileID: 1158039549434721758}
  m_Enabled: 1
  m_EditorHideFlags: 0
  m_Script: {fileID: 11500000, guid: 755219bcb4ee82c438882c23ea37509b, type: 3}
  m_Name: 
  m_EditorClassIdentifier: 
  valueSnap: {fileID: 6333157302279743023}
  audioEffectPlayer: {fileID: 5781210939715609275}
--- !u!114 &5781210939715609275
MonoBehaviour:
  m_ObjectHideFlags: 0
  m_CorrespondingSourceObject: {fileID: 0}
  m_PrefabInstance: {fileID: 0}
  m_PrefabAsset: {fileID: 0}
  m_GameObject: {fileID: 1158039549434721758}
  m_Enabled: 1
  m_EditorHideFlags: 0
  m_Script: {fileID: 11500000, guid: 1d599f266874214409fe77df48f7d091, type: 3}
  m_Name: 
  m_EditorClassIdentifier: 
  audioSource: {fileID: 689302176856346612}
--- !u!82 &689302176856346612
AudioSource:
  m_ObjectHideFlags: 0
  m_CorrespondingSourceObject: {fileID: 0}
  m_PrefabInstance: {fileID: 0}
  m_PrefabAsset: {fileID: 0}
  m_GameObject: {fileID: 1158039549434721758}
  m_Enabled: 1
  serializedVersion: 4
  OutputAudioMixerGroup: {fileID: -6034953690591518022, guid: 3c49f4f7329309f4680c6122bbef9bfd,
    type: 2}
  m_audioClip: {fileID: 8300000, guid: 1508a4e11446ff24e8e1ad5b4e851331, type: 3}
  m_PlayOnAwake: 0
  m_Volume: 1
  m_Pitch: 1
  Loop: 0
  Mute: 0
  Spatialize: 0
  SpatializePostEffects: 0
  Priority: 128
  DopplerLevel: 1
  MinDistance: 1
  MaxDistance: 500
  Pan2D: 0
  rolloffMode: 0
  BypassEffects: 0
  BypassListenerEffects: 0
  BypassReverbZones: 0
  rolloffCustomCurve:
    serializedVersion: 2
    m_Curve:
    - serializedVersion: 3
      time: 0
      value: 1
      inSlope: 0
      outSlope: 0
      tangentMode: 0
      weightedMode: 0
      inWeight: 0.33333334
      outWeight: 0.33333334
    - serializedVersion: 3
      time: 1
      value: 0
      inSlope: 0
      outSlope: 0
      tangentMode: 0
      weightedMode: 0
      inWeight: 0.33333334
      outWeight: 0.33333334
    m_PreInfinity: 2
    m_PostInfinity: 2
    m_RotationOrder: 4
  panLevelCustomCurve:
    serializedVersion: 2
    m_Curve:
    - serializedVersion: 3
      time: 0
      value: 0.5
      inSlope: 0
      outSlope: 0
      tangentMode: 0
      weightedMode: 0
      inWeight: 0.33333334
      outWeight: 0.33333334
    m_PreInfinity: 2
    m_PostInfinity: 2
    m_RotationOrder: 4
  spreadCustomCurve:
    serializedVersion: 2
    m_Curve:
    - serializedVersion: 3
      time: 0
      value: 0
      inSlope: 0
      outSlope: 0
      tangentMode: 0
      weightedMode: 0
      inWeight: 0.33333334
      outWeight: 0.33333334
    m_PreInfinity: 2
    m_PostInfinity: 2
    m_RotationOrder: 4
  reverbZoneMixCustomCurve:
    serializedVersion: 2
    m_Curve:
    - serializedVersion: 3
      time: 0
      value: 1
      inSlope: 0
      outSlope: 0
      tangentMode: 0
      weightedMode: 0
      inWeight: 0.33333334
      outWeight: 0.33333334
    m_PreInfinity: 2
    m_PostInfinity: 2
    m_RotationOrder: 4
--- !u!1 &3222005481316948962
GameObject:
  m_ObjectHideFlags: 0
  m_CorrespondingSourceObject: {fileID: 0}
  m_PrefabInstance: {fileID: 0}
  m_PrefabAsset: {fileID: 0}
  serializedVersion: 6
  m_Component:
  - component: {fileID: 3222005481316948963}
  - component: {fileID: 3222005481316948966}
  - component: {fileID: 3222005481316948961}
  - component: {fileID: 3222005481316948967}
  - component: {fileID: 3222005481316948965}
  - component: {fileID: 3222005481316948964}
  m_Layer: 0
  m_Name: action_right
  m_TagString: Untagged
  m_Icon: {fileID: 0}
  m_NavMeshLayer: 0
  m_StaticEditorFlags: 0
  m_IsActive: 1
--- !u!4 &3222005481316948963
Transform:
  m_ObjectHideFlags: 0
  m_CorrespondingSourceObject: {fileID: 0}
  m_PrefabInstance: {fileID: 0}
  m_PrefabAsset: {fileID: 0}
  m_GameObject: {fileID: 3222005481316948962}
  m_LocalRotation: {x: -0, y: -0, z: -0, w: 1}
  m_LocalPosition: {x: 0.00011587143, y: 0.0033253431, z: 0.00030320138}
  m_LocalScale: {x: 1, y: 1, z: 1}
  m_Children: []
  m_Father: {fileID: 3370419250161681694}
  m_RootOrder: 1
  m_LocalEulerAnglesHint: {x: 0, y: 0, z: 0}
--- !u!114 &3222005481316948966
MonoBehaviour:
  m_ObjectHideFlags: 0
  m_CorrespondingSourceObject: {fileID: 0}
  m_PrefabInstance: {fileID: 0}
  m_PrefabAsset: {fileID: 0}
  m_GameObject: {fileID: 3222005481316948962}
  m_Enabled: 1
  m_EditorHideFlags: 0
  m_Script: {fileID: 11500000, guid: 026f091c626918945bc9b26099280f07, type: 3}
  m_Name: 
  m_EditorClassIdentifier: 
  state: 0
  valueSnap: {fileID: 0}
  index: 2
--- !u!114 &3222005481316948961
MonoBehaviour:
  m_ObjectHideFlags: 0
  m_CorrespondingSourceObject: {fileID: 0}
  m_PrefabInstance: {fileID: 0}
  m_PrefabAsset: {fileID: 0}
  m_GameObject: {fileID: 3222005481316948962}
  m_Enabled: 1
  m_EditorHideFlags: 0
  m_Script: {fileID: 11500000, guid: 7d15f661c6abf364f867fd22d7a81457, type: 3}
  m_Name: 
  m_EditorClassIdentifier: 
  animationFunction: {fileID: 0}
  command: 1
  Reverse: 0
--- !u!114 &3222005481316948967
MonoBehaviour:
  m_ObjectHideFlags: 0
  m_CorrespondingSourceObject: {fileID: 0}
  m_PrefabInstance: {fileID: 0}
  m_PrefabAsset: {fileID: 0}
  m_GameObject: {fileID: 3222005481316948962}
  m_Enabled: 1
  m_EditorHideFlags: 0
  m_Script: {fileID: 11500000, guid: 9f1abb7d8c04a5148ac73f4e647151f9, type: 3}
  m_Name: 
  m_EditorClassIdentifier: 
  puzzleState: {fileID: 3222005481316948966}
  stateOfPuzzle: 2
  modeOfTrigger: 1
  gameAction: {fileID: 3222005481316948961}
--- !u!114 &3222005481316948965
MonoBehaviour:
  m_ObjectHideFlags: 0
  m_CorrespondingSourceObject: {fileID: 0}
  m_PrefabInstance: {fileID: 0}
  m_PrefabAsset: {fileID: 0}
  m_GameObject: {fileID: 3222005481316948962}
  m_Enabled: 1
  m_EditorHideFlags: 0
  m_Script: {fileID: 11500000, guid: 7d15f661c6abf364f867fd22d7a81457, type: 3}
  m_Name: 
  m_EditorClassIdentifier: 
  animationFunction: {fileID: 0}
  command: 1
  Reverse: 1
--- !u!114 &3222005481316948964
MonoBehaviour:
  m_ObjectHideFlags: 0
  m_CorrespondingSourceObject: {fileID: 0}
  m_PrefabInstance: {fileID: 0}
  m_PrefabAsset: {fileID: 0}
  m_GameObject: {fileID: 3222005481316948962}
  m_Enabled: 1
  m_EditorHideFlags: 0
  m_Script: {fileID: 11500000, guid: 9f1abb7d8c04a5148ac73f4e647151f9, type: 3}
  m_Name: 
  m_EditorClassIdentifier: 
  puzzleState: {fileID: 3222005481316948966}
  stateOfPuzzle: 1
  modeOfTrigger: 0
  gameAction: {fileID: 3222005481316948965}
--- !u!1 &3222005482511626284
GameObject:
  m_ObjectHideFlags: 0
  m_CorrespondingSourceObject: {fileID: 0}
  m_PrefabInstance: {fileID: 0}
  m_PrefabAsset: {fileID: 0}
  serializedVersion: 6
  m_Component:
  - component: {fileID: 3222005482511626285}
  - component: {fileID: 3222005482511626272}
  - component: {fileID: 3222005482511626275}
  - component: {fileID: 3222005482511626273}
  - component: {fileID: 3222005482511626279}
  - component: {fileID: 3222005482511626278}
  m_Layer: 0
  m_Name: action_up
  m_TagString: Untagged
  m_Icon: {fileID: 0}
  m_NavMeshLayer: 0
  m_StaticEditorFlags: 0
  m_IsActive: 1
--- !u!4 &3222005482511626285
Transform:
  m_ObjectHideFlags: 0
  m_CorrespondingSourceObject: {fileID: 0}
  m_PrefabInstance: {fileID: 0}
  m_PrefabAsset: {fileID: 0}
  m_GameObject: {fileID: 3222005482511626284}
  m_LocalRotation: {x: -0, y: -0, z: -0, w: 1}
  m_LocalPosition: {x: 0.00011587143, y: 0.0033253431, z: 0.00030320138}
  m_LocalScale: {x: 1, y: 1, z: 1}
  m_Children: []
  m_Father: {fileID: 3370419250161681694}
  m_RootOrder: 2
  m_LocalEulerAnglesHint: {x: 0, y: 0, z: 0}
--- !u!114 &3222005482511626272
MonoBehaviour:
  m_ObjectHideFlags: 0
  m_CorrespondingSourceObject: {fileID: 0}
  m_PrefabInstance: {fileID: 0}
  m_PrefabAsset: {fileID: 0}
  m_GameObject: {fileID: 3222005482511626284}
  m_Enabled: 1
  m_EditorHideFlags: 0
  m_Script: {fileID: 11500000, guid: 026f091c626918945bc9b26099280f07, type: 3}
  m_Name: 
  m_EditorClassIdentifier: 
  state: 0
  valueSnap: {fileID: 0}
  index: 1
--- !u!114 &3222005482511626275
MonoBehaviour:
  m_ObjectHideFlags: 0
  m_CorrespondingSourceObject: {fileID: 0}
  m_PrefabInstance: {fileID: 0}
  m_PrefabAsset: {fileID: 0}
  m_GameObject: {fileID: 3222005482511626284}
  m_Enabled: 1
  m_EditorHideFlags: 0
  m_Script: {fileID: 11500000, guid: 7d15f661c6abf364f867fd22d7a81457, type: 3}
  m_Name: 
  m_EditorClassIdentifier: 
  animationFunction: {fileID: 0}
  command: 1
  Reverse: 0
--- !u!114 &3222005482511626273
MonoBehaviour:
  m_ObjectHideFlags: 0
  m_CorrespondingSourceObject: {fileID: 0}
  m_PrefabInstance: {fileID: 0}
  m_PrefabAsset: {fileID: 0}
  m_GameObject: {fileID: 3222005482511626284}
  m_Enabled: 1
  m_EditorHideFlags: 0
  m_Script: {fileID: 11500000, guid: 9f1abb7d8c04a5148ac73f4e647151f9, type: 3}
  m_Name: 
  m_EditorClassIdentifier: 
  puzzleState: {fileID: 3222005482511626272}
  stateOfPuzzle: 2
  modeOfTrigger: 1
  gameAction: {fileID: 3222005482511626275}
--- !u!114 &3222005482511626279
MonoBehaviour:
  m_ObjectHideFlags: 0
  m_CorrespondingSourceObject: {fileID: 0}
  m_PrefabInstance: {fileID: 0}
  m_PrefabAsset: {fileID: 0}
  m_GameObject: {fileID: 3222005482511626284}
  m_Enabled: 1
  m_EditorHideFlags: 0
  m_Script: {fileID: 11500000, guid: 9f1abb7d8c04a5148ac73f4e647151f9, type: 3}
  m_Name: 
  m_EditorClassIdentifier: 
  puzzleState: {fileID: 3222005482511626272}
  stateOfPuzzle: 1
  modeOfTrigger: 0
  gameAction: {fileID: 3222005482511626278}
--- !u!114 &3222005482511626278
MonoBehaviour:
  m_ObjectHideFlags: 0
  m_CorrespondingSourceObject: {fileID: 0}
  m_PrefabInstance: {fileID: 0}
  m_PrefabAsset: {fileID: 0}
  m_GameObject: {fileID: 3222005482511626284}
  m_Enabled: 1
  m_EditorHideFlags: 0
  m_Script: {fileID: 11500000, guid: 7d15f661c6abf364f867fd22d7a81457, type: 3}
  m_Name: 
  m_EditorClassIdentifier: 
  animationFunction: {fileID: 0}
  command: 1
  Reverse: 1
--- !u!1 &3222005482723720794
GameObject:
  m_ObjectHideFlags: 0
  m_CorrespondingSourceObject: {fileID: 0}
  m_PrefabInstance: {fileID: 0}
  m_PrefabAsset: {fileID: 0}
  serializedVersion: 6
  m_Component:
  - component: {fileID: 3222005482723720795}
  - component: {fileID: 3222005482723720793}
  - component: {fileID: 3222005482723720799}
  - component: {fileID: 3222005482723720798}
  - component: {fileID: 3222005482723720797}
  - component: {fileID: 3222005482723720796}
  m_Layer: 0
  m_Name: action_left
  m_TagString: Untagged
  m_Icon: {fileID: 0}
  m_NavMeshLayer: 0
  m_StaticEditorFlags: 0
  m_IsActive: 1
--- !u!4 &3222005482723720795
Transform:
  m_ObjectHideFlags: 0
  m_CorrespondingSourceObject: {fileID: 0}
  m_PrefabInstance: {fileID: 0}
  m_PrefabAsset: {fileID: 0}
  m_GameObject: {fileID: 3222005482723720794}
  m_LocalRotation: {x: -0, y: -0, z: -0, w: 1}
  m_LocalPosition: {x: 0.00011587143, y: 0.0033253431, z: 0.00030320138}
  m_LocalScale: {x: 1, y: 1, z: 1}
  m_Children: []
  m_Father: {fileID: 3370419250161681694}
  m_RootOrder: 0
  m_LocalEulerAnglesHint: {x: 0, y: 0, z: 0}
--- !u!114 &3222005482723720793
MonoBehaviour:
  m_ObjectHideFlags: 0
  m_CorrespondingSourceObject: {fileID: 0}
  m_PrefabInstance: {fileID: 0}
  m_PrefabAsset: {fileID: 0}
  m_GameObject: {fileID: 3222005482723720794}
  m_Enabled: 1
  m_EditorHideFlags: 0
  m_Script: {fileID: 11500000, guid: 026f091c626918945bc9b26099280f07, type: 3}
  m_Name: 
  m_EditorClassIdentifier: 
  state: 0
  valueSnap: {fileID: 0}
  index: 0
--- !u!114 &3222005482723720799
MonoBehaviour:
  m_ObjectHideFlags: 0
  m_CorrespondingSourceObject: {fileID: 0}
  m_PrefabInstance: {fileID: 0}
  m_PrefabAsset: {fileID: 0}
  m_GameObject: {fileID: 3222005482723720794}
  m_Enabled: 1
  m_EditorHideFlags: 0
  m_Script: {fileID: 11500000, guid: 9f1abb7d8c04a5148ac73f4e647151f9, type: 3}
  m_Name: 
  m_EditorClassIdentifier: 
  puzzleState: {fileID: 3222005482723720793}
  stateOfPuzzle: 2
  modeOfTrigger: 1
  gameAction: {fileID: 3222005482723720798}
--- !u!114 &3222005482723720798
MonoBehaviour:
  m_ObjectHideFlags: 0
  m_CorrespondingSourceObject: {fileID: 0}
  m_PrefabInstance: {fileID: 0}
  m_PrefabAsset: {fileID: 0}
  m_GameObject: {fileID: 3222005482723720794}
  m_Enabled: 1
  m_EditorHideFlags: 0
  m_Script: {fileID: 11500000, guid: 7d15f661c6abf364f867fd22d7a81457, type: 3}
  m_Name: 
  m_EditorClassIdentifier: 
  animationFunction: {fileID: 0}
  command: 1
  Reverse: 0
--- !u!114 &3222005482723720797
MonoBehaviour:
  m_ObjectHideFlags: 0
  m_CorrespondingSourceObject: {fileID: 0}
  m_PrefabInstance: {fileID: 0}
  m_PrefabAsset: {fileID: 0}
  m_GameObject: {fileID: 3222005482723720794}
  m_Enabled: 1
  m_EditorHideFlags: 0
  m_Script: {fileID: 11500000, guid: 9f1abb7d8c04a5148ac73f4e647151f9, type: 3}
  m_Name: 
  m_EditorClassIdentifier: 
  puzzleState: {fileID: 3222005482723720793}
  stateOfPuzzle: 1
  modeOfTrigger: 0
  gameAction: {fileID: 3222005482723720796}
--- !u!114 &3222005482723720796
MonoBehaviour:
  m_ObjectHideFlags: 0
  m_CorrespondingSourceObject: {fileID: 0}
  m_PrefabInstance: {fileID: 0}
  m_PrefabAsset: {fileID: 0}
  m_GameObject: {fileID: 3222005482723720794}
  m_Enabled: 1
  m_EditorHideFlags: 0
  m_Script: {fileID: 11500000, guid: 7d15f661c6abf364f867fd22d7a81457, type: 3}
  m_Name: 
  m_EditorClassIdentifier: 
  animationFunction: {fileID: 0}
  command: 1
  Reverse: 1
--- !u!1 &4391691282715548327
GameObject:
  m_ObjectHideFlags: 0
  m_CorrespondingSourceObject: {fileID: 0}
  m_PrefabInstance: {fileID: 0}
  m_PrefabAsset: {fileID: 0}
  serializedVersion: 6
  m_Component:
  - component: {fileID: 259535189815631242}
  m_Layer: 0
  m_Name: Audio
  m_TagString: Untagged
  m_Icon: {fileID: 0}
  m_NavMeshLayer: 0
  m_StaticEditorFlags: 0
  m_IsActive: 1
--- !u!4 &259535189815631242
Transform:
  m_ObjectHideFlags: 0
  m_CorrespondingSourceObject: {fileID: 0}
  m_PrefabInstance: {fileID: 0}
  m_PrefabAsset: {fileID: 0}
  m_GameObject: {fileID: 4391691282715548327}
  m_LocalRotation: {x: 0, y: 0, z: 0, w: 1}
  m_LocalPosition: {x: 0, y: 0, z: 0}
  m_LocalScale: {x: 1, y: 1, z: 1}
  m_Children:
  - {fileID: 7236888922756435507}
  - {fileID: 7543238036831598400}
  m_Father: {fileID: 6833401253951752909}
  m_RootOrder: 4
  m_LocalEulerAnglesHint: {x: 0, y: 0, z: 0}
--- !u!1 &4481639621362206457
GameObject:
  m_ObjectHideFlags: 0
  m_CorrespondingSourceObject: {fileID: 0}
  m_PrefabInstance: {fileID: 0}
  m_PrefabAsset: {fileID: 0}
  serializedVersion: 6
  m_Component:
  - component: {fileID: 3370419250161681694}
  m_Layer: 0
  m_Name: Action
  m_TagString: Untagged
  m_Icon: {fileID: 0}
  m_NavMeshLayer: 0
  m_StaticEditorFlags: 0
  m_IsActive: 1
--- !u!4 &3370419250161681694
Transform:
  m_ObjectHideFlags: 0
  m_CorrespondingSourceObject: {fileID: 0}
  m_PrefabInstance: {fileID: 0}
  m_PrefabAsset: {fileID: 0}
  m_GameObject: {fileID: 4481639621362206457}
  m_LocalRotation: {x: 0, y: 0, z: 0, w: 1}
  m_LocalPosition: {x: 0, y: 0, z: 0}
  m_LocalScale: {x: 1, y: 1, z: 1}
  m_Children:
  - {fileID: 3222005482723720795}
  - {fileID: 3222005481316948963}
  - {fileID: 3222005482511626285}
  m_Father: {fileID: 6833401253951752909}
  m_RootOrder: 2
  m_LocalEulerAnglesHint: {x: 0, y: 0, z: 0}
--- !u!1 &6108987398016616831
GameObject:
  m_ObjectHideFlags: 0
  m_CorrespondingSourceObject: {fileID: 0}
  m_PrefabInstance: {fileID: 0}
  m_PrefabAsset: {fileID: 0}
  serializedVersion: 6
  m_Component:
  - component: {fileID: 7236888922756435507}
  - component: {fileID: 13064672148033163}
  - component: {fileID: 1640068880734736328}
  - component: {fileID: 5787932054736931038}
  - component: {fileID: 4179141874039255068}
  - component: {fileID: 3632669330932288745}
  m_Layer: 0
  m_Name: lerp
  m_TagString: Untagged
  m_Icon: {fileID: 0}
  m_NavMeshLayer: 0
  m_StaticEditorFlags: 0
  m_IsActive: 1
--- !u!4 &7236888922756435507
Transform:
  m_ObjectHideFlags: 0
  m_CorrespondingSourceObject: {fileID: 0}
  m_PrefabInstance: {fileID: 0}
  m_PrefabAsset: {fileID: 0}
  m_GameObject: {fileID: 6108987398016616831}
  m_LocalRotation: {x: -0, y: -0, z: -0, w: 1}
  m_LocalPosition: {x: -0.7028339, y: 0.043400645, z: -0.14201829}
  m_LocalScale: {x: 1, y: 1, z: 1}
  m_Children: []
  m_Father: {fileID: 259535189815631242}
  m_RootOrder: 0
  m_LocalEulerAnglesHint: {x: 0, y: 0, z: 0}
--- !u!114 &13064672148033163
MonoBehaviour:
  m_ObjectHideFlags: 0
  m_CorrespondingSourceObject: {fileID: 0}
  m_PrefabInstance: {fileID: 0}
  m_PrefabAsset: {fileID: 0}
  m_GameObject: {fileID: 6108987398016616831}
  m_Enabled: 1
  m_EditorHideFlags: 0
  m_Script: {fileID: 11500000, guid: b748e038f8ae18b42baa0ba2cf79582b, type: 3}
  m_Name: 
  m_EditorClassIdentifier: 
  transformAnimation: {fileID: 5964954636887291916}
  moveEffect: {fileID: 1640068880734736328}
  clampEffect: {fileID: 4179141874039255068}
--- !u!114 &1640068880734736328
MonoBehaviour:
  m_ObjectHideFlags: 0
  m_CorrespondingSourceObject: {fileID: 0}
  m_PrefabInstance: {fileID: 0}
  m_PrefabAsset: {fileID: 0}
  m_GameObject: {fileID: 6108987398016616831}
  m_Enabled: 1
  m_EditorHideFlags: 0
  m_Script: {fileID: 11500000, guid: 1d599f266874214409fe77df48f7d091, type: 3}
  m_Name: 
  m_EditorClassIdentifier: 
  audioSource: {fileID: 5787932054736931038}
--- !u!82 &5787932054736931038
AudioSource:
  m_ObjectHideFlags: 0
  m_CorrespondingSourceObject: {fileID: 0}
  m_PrefabInstance: {fileID: 0}
  m_PrefabAsset: {fileID: 0}
  m_GameObject: {fileID: 6108987398016616831}
  m_Enabled: 1
  serializedVersion: 4
  OutputAudioMixerGroup: {fileID: -6034953690591518022, guid: 3c49f4f7329309f4680c6122bbef9bfd,
    type: 2}
  m_audioClip: {fileID: 8300000, guid: df80d50ef5a72a34a919a699b60e66e5, type: 3}
  m_PlayOnAwake: 0
  m_Volume: 1
  m_Pitch: 1
  Loop: 0
  Mute: 0
  Spatialize: 0
  SpatializePostEffects: 0
  Priority: 128
  DopplerLevel: 1
  MinDistance: 1
  MaxDistance: 500
  Pan2D: 0
  rolloffMode: 0
  BypassEffects: 0
  BypassListenerEffects: 0
  BypassReverbZones: 0
  rolloffCustomCurve:
    serializedVersion: 2
    m_Curve:
    - serializedVersion: 3
      time: 0
      value: 1
      inSlope: 0
      outSlope: 0
      tangentMode: 0
      weightedMode: 0
      inWeight: 0.33333334
      outWeight: 0.33333334
    - serializedVersion: 3
      time: 1
      value: 0
      inSlope: 0
      outSlope: 0
      tangentMode: 0
      weightedMode: 0
      inWeight: 0.33333334
      outWeight: 0.33333334
    m_PreInfinity: 2
    m_PostInfinity: 2
    m_RotationOrder: 4
  panLevelCustomCurve:
    serializedVersion: 2
    m_Curve:
    - serializedVersion: 3
      time: 0
      value: 1
      inSlope: 0
      outSlope: 0
      tangentMode: 0
      weightedMode: 0
      inWeight: 0.33333334
      outWeight: 0.33333334
    m_PreInfinity: 2
    m_PostInfinity: 2
    m_RotationOrder: 4
  spreadCustomCurve:
    serializedVersion: 2
    m_Curve:
    - serializedVersion: 3
      time: 0
      value: 0
      inSlope: 0
      outSlope: 0
      tangentMode: 0
      weightedMode: 0
      inWeight: 0.33333334
      outWeight: 0.33333334
    m_PreInfinity: 2
    m_PostInfinity: 2
    m_RotationOrder: 4
  reverbZoneMixCustomCurve:
    serializedVersion: 2
    m_Curve:
    - serializedVersion: 3
      time: 0
      value: 1
      inSlope: 0
      outSlope: 0
      tangentMode: 0
      weightedMode: 0
      inWeight: 0.33333334
      outWeight: 0.33333334
    m_PreInfinity: 2
    m_PostInfinity: 2
    m_RotationOrder: 4
--- !u!114 &4179141874039255068
MonoBehaviour:
  m_ObjectHideFlags: 0
  m_CorrespondingSourceObject: {fileID: 0}
  m_PrefabInstance: {fileID: 0}
  m_PrefabAsset: {fileID: 0}
  m_GameObject: {fileID: 6108987398016616831}
  m_Enabled: 1
  m_EditorHideFlags: 0
  m_Script: {fileID: 11500000, guid: 1d599f266874214409fe77df48f7d091, type: 3}
  m_Name: 
  m_EditorClassIdentifier: 
  audioSource: {fileID: 3632669330932288745}
--- !u!82 &3632669330932288745
AudioSource:
  m_ObjectHideFlags: 0
  m_CorrespondingSourceObject: {fileID: 0}
  m_PrefabInstance: {fileID: 0}
  m_PrefabAsset: {fileID: 0}
  m_GameObject: {fileID: 6108987398016616831}
  m_Enabled: 1
  serializedVersion: 4
  OutputAudioMixerGroup: {fileID: -6034953690591518022, guid: 3c49f4f7329309f4680c6122bbef9bfd,
    type: 2}
  m_audioClip: {fileID: 8300000, guid: 1508a4e11446ff24e8e1ad5b4e851331, type: 3}
  m_PlayOnAwake: 0
  m_Volume: 1
  m_Pitch: 1
  Loop: 0
  Mute: 0
  Spatialize: 0
  SpatializePostEffects: 0
  Priority: 128
  DopplerLevel: 1
  MinDistance: 1
  MaxDistance: 500
  Pan2D: 0
  rolloffMode: 0
  BypassEffects: 0
  BypassListenerEffects: 0
  BypassReverbZones: 0
  rolloffCustomCurve:
    serializedVersion: 2
    m_Curve:
    - serializedVersion: 3
      time: 0
      value: 1
      inSlope: 0
      outSlope: 0
      tangentMode: 0
      weightedMode: 0
      inWeight: 0.33333334
      outWeight: 0.33333334
    - serializedVersion: 3
      time: 1
      value: 0
      inSlope: 0
      outSlope: 0
      tangentMode: 0
      weightedMode: 0
      inWeight: 0.33333334
      outWeight: 0.33333334
    m_PreInfinity: 2
    m_PostInfinity: 2
    m_RotationOrder: 4
  panLevelCustomCurve:
    serializedVersion: 2
    m_Curve:
    - serializedVersion: 3
      time: 0
      value: 1
      inSlope: 0
      outSlope: 0
      tangentMode: 0
      weightedMode: 0
      inWeight: 0.33333334
      outWeight: 0.33333334
    m_PreInfinity: 2
    m_PostInfinity: 2
    m_RotationOrder: 4
  spreadCustomCurve:
    serializedVersion: 2
    m_Curve:
    - serializedVersion: 3
      time: 0
      value: 0
      inSlope: 0
      outSlope: 0
      tangentMode: 0
      weightedMode: 0
      inWeight: 0.33333334
      outWeight: 0.33333334
    m_PreInfinity: 2
    m_PostInfinity: 2
    m_RotationOrder: 4
  reverbZoneMixCustomCurve:
    serializedVersion: 2
    m_Curve:
    - serializedVersion: 3
      time: 0
      value: 1
      inSlope: 0
      outSlope: 0
      tangentMode: 0
      weightedMode: 0
      inWeight: 0.33333334
      outWeight: 0.33333334
    m_PreInfinity: 2
    m_PostInfinity: 2
    m_RotationOrder: 4
--- !u!1 &8032612097674464983
GameObject:
  m_ObjectHideFlags: 0
  m_CorrespondingSourceObject: {fileID: 0}
  m_PrefabInstance: {fileID: 0}
  m_PrefabAsset: {fileID: 0}
  serializedVersion: 6
  m_Component:
  - component: {fileID: 9082217839013717401}
  - component: {fileID: 5964954636887291916}
  - component: {fileID: 147129712807746941}
  - component: {fileID: 6333157302279743023}
  - component: {fileID: 1871594176180619193}
  m_Layer: 0
  m_Name: Handle
  m_TagString: Untagged
  m_Icon: {fileID: 0}
  m_NavMeshLayer: 0
  m_StaticEditorFlags: 0
  m_IsActive: 1
--- !u!4 &9082217839013717401
Transform:
  m_ObjectHideFlags: 0
  m_CorrespondingSourceObject: {fileID: 0}
  m_PrefabInstance: {fileID: 0}
  m_PrefabAsset: {fileID: 0}
  m_GameObject: {fileID: 8032612097674464983}
  m_LocalRotation: {x: 0, y: 0, z: 0, w: 1}
  m_LocalPosition: {x: 0, y: 0, z: 0}
  m_LocalScale: {x: 1, y: 1, z: 1}
  m_Children:
  - {fileID: 7623582776493331887}
  m_Father: {fileID: 6833401253951752909}
  m_RootOrder: 1
  m_LocalEulerAnglesHint: {x: 0, y: 0, z: 0}
--- !u!114 &5964954636887291916
MonoBehaviour:
  m_ObjectHideFlags: 0
  m_CorrespondingSourceObject: {fileID: 0}
  m_PrefabInstance: {fileID: 0}
  m_PrefabAsset: {fileID: 0}
  m_GameObject: {fileID: 8032612097674464983}
  m_Enabled: 1
  m_EditorHideFlags: 0
  m_Script: {fileID: 11500000, guid: c824e58f0b5618749860a3845e1320d4, type: 3}
  m_Name: 
  m_EditorClassIdentifier: 
  transTarget: {fileID: 7623582776493331887}
  origin: {x: -22.5, y: 0, z: 0}
  target: {x: 22.5, y: 0, z: 0}
  startKey: 0
  originFromStart: 0
  relativeTarget: 0
  scope: 1
--- !u!114 &147129712807746941
MonoBehaviour:
  m_ObjectHideFlags: 0
  m_CorrespondingSourceObject: {fileID: 0}
  m_PrefabInstance: {fileID: 0}
  m_PrefabAsset: {fileID: 0}
  m_GameObject: {fileID: 8032612097674464983}
  m_Enabled: 1
  m_EditorHideFlags: 0
  m_Script: {fileID: 11500000, guid: dc55034b7f26d1b4ca8a55f304bb2140, type: 3}
  m_Name: 
  m_EditorClassIdentifier: 
  actionOfPlayer: 3
  Multiplier: 4
  Inverse: 0
--- !u!114 &6333157302279743023
MonoBehaviour:
  m_ObjectHideFlags: 0
  m_CorrespondingSourceObject: {fileID: 0}
  m_PrefabInstance: {fileID: 0}
  m_PrefabAsset: {fileID: 0}
  m_GameObject: {fileID: 8032612097674464983}
  m_Enabled: 1
  m_EditorHideFlags: 0
  m_Script: {fileID: 11500000, guid: 3d45393d4d99eb647b44dea87d3a35c8, type: 3}
  m_Name: 
  m_EditorClassIdentifier: 
  snaps:
  - 0
  - 0.5
  - 1
  snapRange: 0.3
--- !u!114 &1871594176180619193
MonoBehaviour:
  m_ObjectHideFlags: 0
  m_CorrespondingSourceObject: {fileID: 0}
  m_PrefabInstance: {fileID: 0}
  m_PrefabAsset: {fileID: 0}
  m_GameObject: {fileID: 8032612097674464983}
  m_Enabled: 1
  m_EditorHideFlags: 0
  m_Script: {fileID: 11500000, guid: bdb6262086018934cb6c8716f6f19e80, type: 3}
  m_Name: 
  m_EditorClassIdentifier: 
  Collider: {fileID: 900694340486539691}
  inspectable: {fileID: 4152626095711821206}
  Animatable: {fileID: 5964954636887291916}
  InputKey: {fileID: 147129712807746941}
--- !u!1 &8546740454044210929
GameObject:
  m_ObjectHideFlags: 0
  m_CorrespondingSourceObject: {fileID: 0}
  m_PrefabInstance: {fileID: 0}
  m_PrefabAsset: {fileID: 0}
  serializedVersion: 6
  m_Component:
  - component: {fileID: 6833401253951752909}
  m_Layer: 0
  m_Name: Lever
  m_TagString: Untagged
  m_Icon: {fileID: 0}
  m_NavMeshLayer: 0
  m_StaticEditorFlags: 0
  m_IsActive: 1
--- !u!4 &6833401253951752909
Transform:
  m_ObjectHideFlags: 0
  m_CorrespondingSourceObject: {fileID: 0}
  m_PrefabInstance: {fileID: 0}
  m_PrefabAsset: {fileID: 0}
  m_GameObject: {fileID: 8546740454044210929}
  m_LocalRotation: {x: 0, y: 0, z: 0, w: 1}
  m_LocalPosition: {x: -2.7871158, y: 1.0286746, z: 0.0996968}
  m_LocalScale: {x: 1, y: 1, z: 1}
  m_Children:
  - {fileID: 261362114745086633}
  - {fileID: 9082217839013717401}
  - {fileID: 3370419250161681694}
  - {fileID: 5481241697303730195}
  - {fileID: 259535189815631242}
  m_Father: {fileID: 0}
  m_RootOrder: 0
  m_LocalEulerAnglesHint: {x: 0, y: 0, z: 0}
--- !u!1001 &3222005481348699580
PrefabInstance:
  m_ObjectHideFlags: 0
  serializedVersion: 2
  m_Modification:
    m_TransformParent: {fileID: 6833401253951752909}
    m_Modifications:
    - target: {fileID: 6964698774203501993, guid: 0230aed6768c31042ab37cadcf55377c,
        type: 3}
      propertyPath: m_Name
      value: Inspection
      objectReference: {fileID: 0}
    - target: {fileID: 6964698774203501999, guid: 0230aed6768c31042ab37cadcf55377c,
        type: 3}
      propertyPath: m_LocalPosition.x
      value: 0.00011587143
      objectReference: {fileID: 0}
    - target: {fileID: 6964698774203501999, guid: 0230aed6768c31042ab37cadcf55377c,
        type: 3}
      propertyPath: m_LocalPosition.y
      value: 0.07662535
      objectReference: {fileID: 0}
    - target: {fileID: 6964698774203501999, guid: 0230aed6768c31042ab37cadcf55377c,
        type: 3}
      propertyPath: m_LocalPosition.z
      value: 0.00030320138
      objectReference: {fileID: 0}
    - target: {fileID: 6964698774203501999, guid: 0230aed6768c31042ab37cadcf55377c,
        type: 3}
      propertyPath: m_LocalRotation.x
      value: -0
      objectReference: {fileID: 0}
    - target: {fileID: 6964698774203501999, guid: 0230aed6768c31042ab37cadcf55377c,
        type: 3}
      propertyPath: m_LocalRotation.y
      value: -0
      objectReference: {fileID: 0}
    - target: {fileID: 6964698774203501999, guid: 0230aed6768c31042ab37cadcf55377c,
        type: 3}
      propertyPath: m_LocalRotation.z
      value: -0
      objectReference: {fileID: 0}
    - target: {fileID: 6964698774203501999, guid: 0230aed6768c31042ab37cadcf55377c,
        type: 3}
      propertyPath: m_LocalRotation.w
      value: 1
      objectReference: {fileID: 0}
    - target: {fileID: 6964698774203501999, guid: 0230aed6768c31042ab37cadcf55377c,
        type: 3}
      propertyPath: m_RootOrder
      value: 3
      objectReference: {fileID: 0}
    - target: {fileID: 6964698774203501999, guid: 0230aed6768c31042ab37cadcf55377c,
        type: 3}
      propertyPath: m_LocalEulerAnglesHint.x
      value: 0
      objectReference: {fileID: 0}
    - target: {fileID: 6964698774203501999, guid: 0230aed6768c31042ab37cadcf55377c,
        type: 3}
      propertyPath: m_LocalEulerAnglesHint.y
      value: 0
      objectReference: {fileID: 0}
    - target: {fileID: 6964698774203501999, guid: 0230aed6768c31042ab37cadcf55377c,
        type: 3}
      propertyPath: m_LocalEulerAnglesHint.z
      value: 0
      objectReference: {fileID: 0}
    m_RemovedComponents: []
  m_SourcePrefab: {fileID: 100100000, guid: 0230aed6768c31042ab37cadcf55377c, type: 3}
--- !u!4 &5481241697303730195 stripped
Transform:
  m_CorrespondingSourceObject: {fileID: 6964698774203501999, guid: 0230aed6768c31042ab37cadcf55377c,
    type: 3}
  m_PrefabInstance: {fileID: 3222005481348699580}
  m_PrefabAsset: {fileID: 0}
--- !u!114 &4152626095711821206 stripped
MonoBehaviour:
  m_CorrespondingSourceObject: {fileID: 1519907169805076522, guid: 0230aed6768c31042ab37cadcf55377c,
    type: 3}
  m_PrefabInstance: {fileID: 3222005481348699580}
  m_PrefabAsset: {fileID: 0}
  m_GameObject: {fileID: 0}
  m_Enabled: 1
  m_EditorHideFlags: 0
  m_Script: {fileID: 11500000, guid: ddf6be3ffef44794a8d9f46117c0c737, type: 3}
  m_Name: 
  m_EditorClassIdentifier: 
--- !u!1001 &3222005481477377442
PrefabInstance:
  m_ObjectHideFlags: 0
  serializedVersion: 2
  m_Modification:
    m_TransformParent: {fileID: 261362114745086633}
    m_Modifications:
    - target: {fileID: -4216859302048453862, guid: 4054d449e44072648ba46de892083f5b,
        type: 3}
      propertyPath: m_LocalPosition.x
      value: 0
      objectReference: {fileID: 0}
    - target: {fileID: -4216859302048453862, guid: 4054d449e44072648ba46de892083f5b,
        type: 3}
      propertyPath: m_LocalPosition.y
      value: 0
      objectReference: {fileID: 0}
    - target: {fileID: -4216859302048453862, guid: 4054d449e44072648ba46de892083f5b,
        type: 3}
      propertyPath: m_LocalPosition.z
      value: 0
      objectReference: {fileID: 0}
    - target: {fileID: -4216859302048453862, guid: 4054d449e44072648ba46de892083f5b,
        type: 3}
      propertyPath: m_LocalRotation.x
      value: -0
      objectReference: {fileID: 0}
    - target: {fileID: -4216859302048453862, guid: 4054d449e44072648ba46de892083f5b,
        type: 3}
      propertyPath: m_LocalRotation.y
      value: -0
      objectReference: {fileID: 0}
    - target: {fileID: -4216859302048453862, guid: 4054d449e44072648ba46de892083f5b,
        type: 3}
      propertyPath: m_LocalRotation.z
      value: -0
      objectReference: {fileID: 0}
    - target: {fileID: -4216859302048453862, guid: 4054d449e44072648ba46de892083f5b,
        type: 3}
      propertyPath: m_LocalRotation.w
      value: 1
      objectReference: {fileID: 0}
    - target: {fileID: -4216859302048453862, guid: 4054d449e44072648ba46de892083f5b,
        type: 3}
      propertyPath: m_RootOrder
      value: 0
      objectReference: {fileID: 0}
    - target: {fileID: -4216859302048453862, guid: 4054d449e44072648ba46de892083f5b,
        type: 3}
      propertyPath: m_LocalEulerAnglesHint.x
      value: 0
      objectReference: {fileID: 0}
    - target: {fileID: -4216859302048453862, guid: 4054d449e44072648ba46de892083f5b,
        type: 3}
      propertyPath: m_LocalEulerAnglesHint.y
      value: 0
      objectReference: {fileID: 0}
    - target: {fileID: -4216859302048453862, guid: 4054d449e44072648ba46de892083f5b,
        type: 3}
      propertyPath: m_LocalEulerAnglesHint.z
      value: 0
      objectReference: {fileID: 0}
    - target: {fileID: -927199367670048503, guid: 4054d449e44072648ba46de892083f5b,
        type: 3}
      propertyPath: m_Name
      value: Lever_base
      objectReference: {fileID: 0}
    m_RemovedComponents: []
  m_SourcePrefab: {fileID: 100100000, guid: 4054d449e44072648ba46de892083f5b, type: 3}
--- !u!4 &7623582775648167608 stripped
Transform:
  m_CorrespondingSourceObject: {fileID: -4216859302048453862, guid: 4054d449e44072648ba46de892083f5b,
    type: 3}
  m_PrefabInstance: {fileID: 3222005481477377442}
  m_PrefabAsset: {fileID: 0}
--- !u!1001 &3222005482305781429
PrefabInstance:
  m_ObjectHideFlags: 0
  serializedVersion: 2
  m_Modification:
    m_TransformParent: {fileID: 9082217839013717401}
    m_Modifications:
    - target: {fileID: -4216859302048453862, guid: ecd587ca2e9fbca4d8cdb92018fbb387,
        type: 3}
      propertyPath: m_LocalPosition.x
      value: 0
      objectReference: {fileID: 0}
    - target: {fileID: -4216859302048453862, guid: ecd587ca2e9fbca4d8cdb92018fbb387,
        type: 3}
      propertyPath: m_LocalPosition.y
      value: 0
      objectReference: {fileID: 0}
    - target: {fileID: -4216859302048453862, guid: ecd587ca2e9fbca4d8cdb92018fbb387,
        type: 3}
      propertyPath: m_LocalPosition.z
      value: 0
      objectReference: {fileID: 0}
    - target: {fileID: -4216859302048453862, guid: ecd587ca2e9fbca4d8cdb92018fbb387,
        type: 3}
      propertyPath: m_LocalRotation.x
      value: -0
      objectReference: {fileID: 0}
    - target: {fileID: -4216859302048453862, guid: ecd587ca2e9fbca4d8cdb92018fbb387,
        type: 3}
      propertyPath: m_LocalRotation.y
      value: -0
      objectReference: {fileID: 0}
    - target: {fileID: -4216859302048453862, guid: ecd587ca2e9fbca4d8cdb92018fbb387,
        type: 3}
      propertyPath: m_LocalRotation.z
      value: -0
      objectReference: {fileID: 0}
    - target: {fileID: -4216859302048453862, guid: ecd587ca2e9fbca4d8cdb92018fbb387,
        type: 3}
      propertyPath: m_LocalRotation.w
      value: 1
      objectReference: {fileID: 0}
    - target: {fileID: -4216859302048453862, guid: ecd587ca2e9fbca4d8cdb92018fbb387,
        type: 3}
      propertyPath: m_RootOrder
      value: 0
      objectReference: {fileID: 0}
    - target: {fileID: -4216859302048453862, guid: ecd587ca2e9fbca4d8cdb92018fbb387,
        type: 3}
      propertyPath: m_LocalEulerAnglesHint.x
      value: 0
      objectReference: {fileID: 0}
    - target: {fileID: -4216859302048453862, guid: ecd587ca2e9fbca4d8cdb92018fbb387,
        type: 3}
      propertyPath: m_LocalEulerAnglesHint.y
      value: 0
      objectReference: {fileID: 0}
    - target: {fileID: -4216859302048453862, guid: ecd587ca2e9fbca4d8cdb92018fbb387,
        type: 3}
      propertyPath: m_LocalEulerAnglesHint.z
      value: 0
      objectReference: {fileID: 0}
    - target: {fileID: -927199367670048503, guid: ecd587ca2e9fbca4d8cdb92018fbb387,
        type: 3}
      propertyPath: m_Name
      value: Lever_handle
      objectReference: {fileID: 0}
    m_RemovedComponents: []
  m_SourcePrefab: {fileID: 100100000, guid: ecd587ca2e9fbca4d8cdb92018fbb387, type: 3}
--- !u!64 &900694340486539691 stripped
MeshCollider:
  m_CorrespondingSourceObject: {fileID: -6860895033569716450, guid: ecd587ca2e9fbca4d8cdb92018fbb387,
    type: 3}
  m_PrefabInstance: {fileID: 3222005482305781429}
  m_PrefabAsset: {fileID: 0}
--- !u!4 &7623582776493331887 stripped
Transform:
  m_CorrespondingSourceObject: {fileID: -4216859302048453862, guid: ecd587ca2e9fbca4d8cdb92018fbb387,
    type: 3}
  m_PrefabInstance: {fileID: 3222005482305781429}
  m_PrefabAsset: {fileID: 0}
