%YAML 1.1
%TAG !u! tag:unity3d.com,2011:
--- !u!1 &231155840419046798
GameObject:
  m_ObjectHideFlags: 0
  m_CorrespondingSourceObject: {fileID: 0}
  m_PrefabInstance: {fileID: 0}
  m_PrefabAsset: {fileID: 0}
  serializedVersion: 6
  m_Component:
  - component: {fileID: 231155840419046793}
  - component: {fileID: 231155840419046792}
  - component: {fileID: 231155840419046794}
  - component: {fileID: 231155840419046799}
  m_Layer: 0
  m_Name: State1
  m_TagString: Untagged
  m_Icon: {fileID: 0}
  m_NavMeshLayer: 0
  m_StaticEditorFlags: 0
  m_IsActive: 1
--- !u!4 &231155840419046793
Transform:
  m_ObjectHideFlags: 0
  m_CorrespondingSourceObject: {fileID: 0}
  m_PrefabInstance: {fileID: 0}
  m_PrefabAsset: {fileID: 0}
  m_GameObject: {fileID: 231155840419046798}
  m_LocalRotation: {x: 0, y: 0, z: 0, w: 1}
  m_LocalPosition: {x: 0, y: 0, z: 0}
  m_LocalScale: {x: 1, y: 1, z: 1}
  m_Children: []
  m_Father: {fileID: 231155841802902313}
  m_RootOrder: 5
  m_LocalEulerAnglesHint: {x: 0, y: 0, z: 0}
--- !u!114 &231155840419046792
MonoBehaviour:
  m_ObjectHideFlags: 0
  m_CorrespondingSourceObject: {fileID: 0}
  m_PrefabInstance: {fileID: 0}
  m_PrefabAsset: {fileID: 0}
  m_GameObject: {fileID: 231155840419046798}
  m_Enabled: 1
  m_EditorHideFlags: 0
  m_Script: {fileID: 11500000, guid: 579806c0327b2eb46aa192e087fe344e, type: 3}
  m_Name: 
  m_EditorClassIdentifier: 
  state: 0
  biDirectional: {fileID: 7346603727429568724}
  lerpAnim: {fileID: 231155841603222129}
  stateOfLerpState: 2
--- !u!114 &231155840419046794
MonoBehaviour:
  m_ObjectHideFlags: 0
  m_CorrespondingSourceObject: {fileID: 0}
  m_PrefabInstance: {fileID: 0}
  m_PrefabAsset: {fileID: 0}
  m_GameObject: {fileID: 231155840419046798}
  m_Enabled: 1
  m_EditorHideFlags: 0
  m_Script: {fileID: 11500000, guid: 9f1abb7d8c04a5148ac73f4e647151f9, type: 3}
  m_Name: 
  m_EditorClassIdentifier: 
  puzzleState: {fileID: 231155840419046792}
  stateOfPuzzle: 2
  modeOfTrigger: 1
  gameAction: {fileID: 231155840419046799}
--- !u!114 &231155840419046799
MonoBehaviour:
  m_ObjectHideFlags: 0
  m_CorrespondingSourceObject: {fileID: 0}
  m_PrefabInstance: {fileID: 0}
  m_PrefabAsset: {fileID: 0}
  m_GameObject: {fileID: 231155840419046798}
  m_Enabled: 1
  m_EditorHideFlags: 0
  m_Script: {fileID: 11500000, guid: 2f9aaa8be52477c479e9154e0b88d6e8, type: 3}
  m_Name: 
  m_EditorClassIdentifier: 
  sequenceLockFunction: {fileID: 231155841802902319}
  input: 1
--- !u!1 &231155840480652476
GameObject:
  m_ObjectHideFlags: 0
  m_CorrespondingSourceObject: {fileID: 0}
  m_PrefabInstance: {fileID: 0}
  m_PrefabAsset: {fileID: 0}
  serializedVersion: 6
  m_Component:
  - component: {fileID: 231155840480652479}
  - component: {fileID: 231155840480652478}
  - component: {fileID: 231155840480652477}
  - component: {fileID: 3151601372224582911}
  m_Layer: 0
  m_Name: Vertical
  m_TagString: Untagged
  m_Icon: {fileID: 0}
  m_NavMeshLayer: 0
  m_StaticEditorFlags: 0
  m_IsActive: 1
--- !u!4 &231155840480652479
Transform:
  m_ObjectHideFlags: 0
  m_CorrespondingSourceObject: {fileID: 0}
  m_PrefabInstance: {fileID: 0}
  m_PrefabAsset: {fileID: 0}
  m_GameObject: {fileID: 231155840480652476}
  m_LocalRotation: {x: 0, y: 0, z: 0, w: 1}
  m_LocalPosition: {x: 0, y: 0, z: 0}
  m_LocalScale: {x: 1, y: 1, z: 1}
  m_Children: []
  m_Father: {fileID: 231155841802902313}
  m_RootOrder: 8
  m_LocalEulerAnglesHint: {x: 0, y: 0, z: 0}
--- !u!114 &231155840480652478
MonoBehaviour:
  m_ObjectHideFlags: 0
  m_CorrespondingSourceObject: {fileID: 0}
  m_PrefabInstance: {fileID: 0}
  m_PrefabAsset: {fileID: 0}
  m_GameObject: {fileID: 231155840480652476}
  m_Enabled: 1
  m_EditorHideFlags: 0
  m_Script: {fileID: 11500000, guid: dc55034b7f26d1b4ca8a55f304bb2140, type: 3}
  m_Name: 
  m_EditorClassIdentifier: 
  actionOfPlayer: 4
  Multiplier: 10
  Inverse: 0
--- !u!114 &231155840480652477
MonoBehaviour:
  m_ObjectHideFlags: 0
  m_CorrespondingSourceObject: {fileID: 0}
  m_PrefabInstance: {fileID: 0}
  m_PrefabAsset: {fileID: 0}
  m_GameObject: {fileID: 231155840480652476}
  m_Enabled: 1
  m_EditorHideFlags: 0
  m_Script: {fileID: 11500000, guid: d11dff0cc7e236e4e914a7450026e647, type: 3}
  m_Name: 
  m_EditorClassIdentifier: 
  transTarget: {fileID: 231155840971829083}
  origin: {x: 0.01, y: 0, z: 0}
  target: {x: -0.01, y: 0, z: 0}
  startKey: 0.5
  originFromStart: 1
  relativeTarget: 1
  scope: 1
--- !u!114 &3151601372224582911
MonoBehaviour:
  m_ObjectHideFlags: 0
  m_CorrespondingSourceObject: {fileID: 0}
  m_PrefabInstance: {fileID: 0}
  m_PrefabAsset: {fileID: 0}
  m_GameObject: {fileID: 231155840480652476}
  m_Enabled: 1
  m_EditorHideFlags: 0
  m_Script: {fileID: 11500000, guid: b748e038f8ae18b42baa0ba2cf79582b, type: 3}
  m_Name: 
  m_EditorClassIdentifier: 
  transformAnimation: {fileID: 231155840480652477}
  moveEffect: {fileID: 0}
  clampEffect: {fileID: 6050641763416346331}
--- !u!1 &231155840882378781
GameObject:
  m_ObjectHideFlags: 0
  m_CorrespondingSourceObject: {fileID: 0}
  m_PrefabInstance: {fileID: 0}
  m_PrefabAsset: {fileID: 0}
  serializedVersion: 6
  m_Component:
  - component: {fileID: 231155840882378782}
  - component: {fileID: 231155840882378778}
  - component: {fileID: 231155840882378777}
  - component: {fileID: 231155840882378776}
  - component: {fileID: 231155840882378783}
  m_Layer: 0
  m_Name: Action
  m_TagString: Untagged
  m_Icon: {fileID: 0}
  m_NavMeshLayer: 0
  m_StaticEditorFlags: 0
  m_IsActive: 1
--- !u!4 &231155840882378782
Transform:
  m_ObjectHideFlags: 0
  m_CorrespondingSourceObject: {fileID: 0}
  m_PrefabInstance: {fileID: 0}
  m_PrefabAsset: {fileID: 0}
  m_GameObject: {fileID: 231155840882378781}
  m_LocalRotation: {x: -0, y: -0, z: -0, w: 1}
  m_LocalPosition: {x: 0, y: 0, z: 0}
  m_LocalScale: {x: 1, y: 1, z: 1}
  m_Children: []
  m_Father: {fileID: 231155841802902313}
  m_RootOrder: 10
  m_LocalEulerAnglesHint: {x: 0, y: 0, z: 0}
--- !u!114 &231155840882378778
MonoBehaviour:
  m_ObjectHideFlags: 0
  m_CorrespondingSourceObject: {fileID: 0}
  m_PrefabInstance: {fileID: 0}
  m_PrefabAsset: {fileID: 0}
  m_GameObject: {fileID: 231155840882378781}
  m_Enabled: 1
  m_EditorHideFlags: 0
  m_Script: {fileID: 11500000, guid: 9f1abb7d8c04a5148ac73f4e647151f9, type: 3}
  m_Name: 
  m_EditorClassIdentifier: 
  puzzleState: {fileID: 231155841802902312}
  stateOfPuzzle: 2
  modeOfTrigger: 1
  gameAction: {fileID: 231155840882378777}
--- !u!114 &231155840882378777
MonoBehaviour:
  m_ObjectHideFlags: 0
  m_CorrespondingSourceObject: {fileID: 0}
  m_PrefabInstance: {fileID: 0}
  m_PrefabAsset: {fileID: 0}
  m_GameObject: {fileID: 231155840882378781}
  m_Enabled: 1
  m_EditorHideFlags: 0
  m_Script: {fileID: 11500000, guid: 64dd37c2870c5e14f963a8e8cb2c5541, type: 3}
  m_Name: 
  m_EditorClassIdentifier: 
  actions:
  - {fileID: 231155840882378783}
  - {fileID: 231155840882378776}
  AwaitNodes: 0
--- !u!114 &231155840882378776
MonoBehaviour:
  m_ObjectHideFlags: 0
  m_CorrespondingSourceObject: {fileID: 0}
  m_PrefabInstance: {fileID: 0}
  m_PrefabAsset: {fileID: 0}
  m_GameObject: {fileID: 231155840882378781}
  m_Enabled: 1
  m_EditorHideFlags: 0
  m_Script: {fileID: 11500000, guid: 6bf0bbbb0a1706f4389931dda20cbe23, type: 3}
  m_Name: 
  m_EditorClassIdentifier: 
  target: {fileID: 231155841802902318}
  modeOfVisibility: 1
--- !u!114 &231155840882378783
MonoBehaviour:
  m_ObjectHideFlags: 0
  m_CorrespondingSourceObject: {fileID: 0}
  m_PrefabInstance: {fileID: 0}
  m_PrefabAsset: {fileID: 0}
  m_GameObject: {fileID: 231155840882378781}
  m_Enabled: 1
  m_EditorHideFlags: 0
  m_Script: {fileID: 11500000, guid: 7d15f661c6abf364f867fd22d7a81457, type: 3}
  m_Name: 
  m_EditorClassIdentifier: 
  animationFunction: {fileID: 0}
  command: 1
  Reverse: 0
--- !u!1 &231155840971829082
GameObject:
  m_ObjectHideFlags: 0
  m_CorrespondingSourceObject: {fileID: 0}
  m_PrefabInstance: {fileID: 0}
  m_PrefabAsset: {fileID: 0}
  serializedVersion: 6
  m_Component:
  - component: {fileID: 231155840971829083}
  m_Layer: 0
  m_Name: Dial_Offset
  m_TagString: Untagged
  m_Icon: {fileID: 0}
  m_NavMeshLayer: 0
  m_StaticEditorFlags: 0
  m_IsActive: 1
--- !u!4 &231155840971829083
Transform:
  m_ObjectHideFlags: 0
  m_CorrespondingSourceObject: {fileID: 0}
  m_PrefabInstance: {fileID: 0}
  m_PrefabAsset: {fileID: 0}
  m_GameObject: {fileID: 231155840971829082}
  m_LocalRotation: {x: 0, y: 0, z: 0.7071068, w: 0.7071068}
  m_LocalPosition: {x: -0.007, y: 0, z: 0}
  m_LocalScale: {x: 1, y: 1, z: 1}
  m_Children:
  - {fileID: 4757959348313294761}
  m_Father: {fileID: 231155841802902313}
  m_RootOrder: 2
  m_LocalEulerAnglesHint: {x: 0, y: 0, z: 90}
--- !u!1 &231155841026885558
GameObject:
  m_ObjectHideFlags: 0
  m_CorrespondingSourceObject: {fileID: 0}
  m_PrefabInstance: {fileID: 0}
  m_PrefabAsset: {fileID: 0}
  serializedVersion: 6
  m_Component:
  - component: {fileID: 231155841026885553}
  - component: {fileID: 231155841026885552}
  - component: {fileID: 231155841026885554}
  - component: {fileID: 231155841026885559}
  m_Layer: 0
  m_Name: State0
  m_TagString: Untagged
  m_Icon: {fileID: 0}
  m_NavMeshLayer: 0
  m_StaticEditorFlags: 0
  m_IsActive: 1
--- !u!4 &231155841026885553
Transform:
  m_ObjectHideFlags: 0
  m_CorrespondingSourceObject: {fileID: 0}
  m_PrefabInstance: {fileID: 0}
  m_PrefabAsset: {fileID: 0}
  m_GameObject: {fileID: 231155841026885558}
  m_LocalRotation: {x: 0, y: 0, z: 0, w: 1}
  m_LocalPosition: {x: 0, y: 0, z: 0}
  m_LocalScale: {x: 1, y: 1, z: 1}
  m_Children: []
  m_Father: {fileID: 231155841802902313}
  m_RootOrder: 4
  m_LocalEulerAnglesHint: {x: 0, y: 0, z: 0}
--- !u!114 &231155841026885552
MonoBehaviour:
  m_ObjectHideFlags: 0
  m_CorrespondingSourceObject: {fileID: 0}
  m_PrefabInstance: {fileID: 0}
  m_PrefabAsset: {fileID: 0}
  m_GameObject: {fileID: 231155841026885558}
  m_Enabled: 1
  m_EditorHideFlags: 0
  m_Script: {fileID: 11500000, guid: 579806c0327b2eb46aa192e087fe344e, type: 3}
  m_Name: 
  m_EditorClassIdentifier: 
  state: 0
  biDirectional: {fileID: 7346603727429568724}
  lerpAnim: {fileID: 231155841603222129}
  stateOfLerpState: 1
--- !u!114 &231155841026885554
MonoBehaviour:
  m_ObjectHideFlags: 0
  m_CorrespondingSourceObject: {fileID: 0}
  m_PrefabInstance: {fileID: 0}
  m_PrefabAsset: {fileID: 0}
  m_GameObject: {fileID: 231155841026885558}
  m_Enabled: 1
  m_EditorHideFlags: 0
  m_Script: {fileID: 11500000, guid: 9f1abb7d8c04a5148ac73f4e647151f9, type: 3}
  m_Name: 
  m_EditorClassIdentifier: 
  puzzleState: {fileID: 231155841026885552}
  stateOfPuzzle: 2
  modeOfTrigger: 1
  gameAction: {fileID: 231155841026885559}
--- !u!114 &231155841026885559
MonoBehaviour:
  m_ObjectHideFlags: 0
  m_CorrespondingSourceObject: {fileID: 0}
  m_PrefabInstance: {fileID: 0}
  m_PrefabAsset: {fileID: 0}
  m_GameObject: {fileID: 231155841026885558}
  m_Enabled: 1
  m_EditorHideFlags: 0
  m_Script: {fileID: 11500000, guid: 2f9aaa8be52477c479e9154e0b88d6e8, type: 3}
  m_Name: 
  m_EditorClassIdentifier: 
  sequenceLockFunction: {fileID: 231155841802902319}
  input: 0
--- !u!1 &231155841603222128
GameObject:
  m_ObjectHideFlags: 0
  m_CorrespondingSourceObject: {fileID: 0}
  m_PrefabInstance: {fileID: 0}
  m_PrefabAsset: {fileID: 0}
  serializedVersion: 6
  m_Component:
  - component: {fileID: 231155841603222131}
  - component: {fileID: 231155841603222130}
  - component: {fileID: 231155841603222129}
  - component: {fileID: 874408030674443305}
  m_Layer: 0
  m_Name: Horizontal
  m_TagString: Untagged
  m_Icon: {fileID: 0}
  m_NavMeshLayer: 0
  m_StaticEditorFlags: 0
  m_IsActive: 1
--- !u!4 &231155841603222131
Transform:
  m_ObjectHideFlags: 0
  m_CorrespondingSourceObject: {fileID: 0}
  m_PrefabInstance: {fileID: 0}
  m_PrefabAsset: {fileID: 0}
  m_GameObject: {fileID: 231155841603222128}
  m_LocalRotation: {x: 0, y: 0, z: 0, w: 1}
  m_LocalPosition: {x: 0, y: 0, z: 0}
  m_LocalScale: {x: 1, y: 1, z: 1}
  m_Children: []
  m_Father: {fileID: 231155841802902313}
  m_RootOrder: 9
  m_LocalEulerAnglesHint: {x: 0, y: 0, z: 0}
--- !u!114 &231155841603222130
MonoBehaviour:
  m_ObjectHideFlags: 0
  m_CorrespondingSourceObject: {fileID: 0}
  m_PrefabInstance: {fileID: 0}
  m_PrefabAsset: {fileID: 0}
  m_GameObject: {fileID: 231155841603222128}
  m_Enabled: 1
  m_EditorHideFlags: 0
  m_Script: {fileID: 11500000, guid: dc55034b7f26d1b4ca8a55f304bb2140, type: 3}
  m_Name: 
  m_EditorClassIdentifier: 
  actionOfPlayer: 3
  Multiplier: 10
  Inverse: 0
--- !u!114 &231155841603222129
MonoBehaviour:
  m_ObjectHideFlags: 0
  m_CorrespondingSourceObject: {fileID: 0}
  m_PrefabInstance: {fileID: 0}
  m_PrefabAsset: {fileID: 0}
  m_GameObject: {fileID: 231155841603222128}
  m_Enabled: 1
  m_EditorHideFlags: 0
  m_Script: {fileID: 11500000, guid: d11dff0cc7e236e4e914a7450026e647, type: 3}
  m_Name: 
  m_EditorClassIdentifier: 
  transTarget: {fileID: 231155840971829083}
  origin: {x: 0, y: 0, z: -0.01}
  target: {x: 0, y: 0, z: 0.01}
  startKey: 0.5
  originFromStart: 1
  relativeTarget: 1
  scope: 1
--- !u!114 &874408030674443305
MonoBehaviour:
  m_ObjectHideFlags: 0
  m_CorrespondingSourceObject: {fileID: 0}
  m_PrefabInstance: {fileID: 0}
  m_PrefabAsset: {fileID: 0}
  m_GameObject: {fileID: 231155841603222128}
  m_Enabled: 1
  m_EditorHideFlags: 0
  m_Script: {fileID: 11500000, guid: b748e038f8ae18b42baa0ba2cf79582b, type: 3}
  m_Name: 
  m_EditorClassIdentifier: 
  transformAnimation: {fileID: 231155841603222129}
  moveEffect: {fileID: 0}
  clampEffect: {fileID: 6050641763416346331}
--- !u!1 &231155841802902318
GameObject:
  m_ObjectHideFlags: 0
  m_CorrespondingSourceObject: {fileID: 0}
  m_PrefabInstance: {fileID: 0}
  m_PrefabAsset: {fileID: 0}
  serializedVersion: 6
  m_Component:
  - component: {fileID: 231155841802902313}
  - component: {fileID: 231155841802902319}
  - component: {fileID: 231155841802902312}
  m_Layer: 0
  m_Name: SequenceLock
  m_TagString: Untagged
  m_Icon: {fileID: 0}
  m_NavMeshLayer: 0
  m_StaticEditorFlags: 0
  m_IsActive: 1
--- !u!4 &231155841802902313
Transform:
  m_ObjectHideFlags: 0
  m_CorrespondingSourceObject: {fileID: 0}
  m_PrefabInstance: {fileID: 0}
  m_PrefabAsset: {fileID: 0}
  m_GameObject: {fileID: 231155841802902318}
  m_LocalRotation: {x: -0, y: -0.99990654, z: -0, w: 0.013671258}
  m_LocalPosition: {x: -5.9449, y: 1.0705, z: 0.6482}
  m_LocalScale: {x: 1, y: 1, z: 1}
  m_Children:
  - {fileID: 8289757293808342249}
  - {fileID: 7389663430375054380}
  - {fileID: 231155840971829083}
  - {fileID: 7174990262772143691}
  - {fileID: 231155841026885553}
  - {fileID: 231155840419046793}
  - {fileID: 231155841914948772}
  - {fileID: 231155841874874332}
  - {fileID: 231155840480652479}
  - {fileID: 231155841603222131}
  - {fileID: 231155840882378782}
  m_Father: {fileID: 0}
  m_RootOrder: 0
  m_LocalEulerAnglesHint: {x: 0, y: 0, z: 0}
--- !u!114 &231155841802902319
MonoBehaviour:
  m_ObjectHideFlags: 0
  m_CorrespondingSourceObject: {fileID: 0}
  m_PrefabInstance: {fileID: 0}
  m_PrefabAsset: {fileID: 0}
  m_GameObject: {fileID: 231155841802902318}
  m_Enabled: 1
  m_EditorHideFlags: 0
  m_Script: {fileID: 11500000, guid: 6779580f59d410e45a2a2d62401d17dc, type: 3}
  m_Name: 
  m_EditorClassIdentifier: 
  Passcode: 0123
  Sequence: 
--- !u!114 &231155841802902312
MonoBehaviour:
  m_ObjectHideFlags: 0
  m_CorrespondingSourceObject: {fileID: 0}
  m_PrefabInstance: {fileID: 0}
  m_PrefabAsset: {fileID: 0}
  m_GameObject: {fileID: 231155841802902318}
  m_Enabled: 1
  m_EditorHideFlags: 0
  m_Script: {fileID: 11500000, guid: 2c2ed513704f6a34db60df2d28036ec7, type: 3}
  m_Name: 
  m_EditorClassIdentifier: 
  state: 0
  sequenceLockFunction: {fileID: 231155841802902319}
--- !u!1 &231155841874874305
GameObject:
  m_ObjectHideFlags: 0
  m_CorrespondingSourceObject: {fileID: 0}
  m_PrefabInstance: {fileID: 0}
  m_PrefabAsset: {fileID: 0}
  serializedVersion: 6
  m_Component:
  - component: {fileID: 231155841874874332}
  - component: {fileID: 231155841874874307}
  - component: {fileID: 231155841874874333}
  - component: {fileID: 231155841874874306}
  m_Layer: 0
  m_Name: State3
  m_TagString: Untagged
  m_Icon: {fileID: 0}
  m_NavMeshLayer: 0
  m_StaticEditorFlags: 0
  m_IsActive: 1
--- !u!4 &231155841874874332
Transform:
  m_ObjectHideFlags: 0
  m_CorrespondingSourceObject: {fileID: 0}
  m_PrefabInstance: {fileID: 0}
  m_PrefabAsset: {fileID: 0}
  m_GameObject: {fileID: 231155841874874305}
  m_LocalRotation: {x: 0, y: 0, z: 0, w: 1}
  m_LocalPosition: {x: 0, y: 0, z: 0}
  m_LocalScale: {x: 1, y: 1, z: 1}
  m_Children: []
  m_Father: {fileID: 231155841802902313}
  m_RootOrder: 7
  m_LocalEulerAnglesHint: {x: 0, y: 0, z: 0}
--- !u!114 &231155841874874307
MonoBehaviour:
  m_ObjectHideFlags: 0
  m_CorrespondingSourceObject: {fileID: 0}
  m_PrefabInstance: {fileID: 0}
  m_PrefabAsset: {fileID: 0}
  m_GameObject: {fileID: 231155841874874305}
  m_Enabled: 1
  m_EditorHideFlags: 0
  m_Script: {fileID: 11500000, guid: 579806c0327b2eb46aa192e087fe344e, type: 3}
  m_Name: 
  m_EditorClassIdentifier: 
  state: 0
  biDirectional: {fileID: 7346603727429568724}
  lerpAnim: {fileID: 231155840480652477}
  stateOfLerpState: 2
--- !u!114 &231155841874874333
MonoBehaviour:
  m_ObjectHideFlags: 0
  m_CorrespondingSourceObject: {fileID: 0}
  m_PrefabInstance: {fileID: 0}
  m_PrefabAsset: {fileID: 0}
  m_GameObject: {fileID: 231155841874874305}
  m_Enabled: 1
  m_EditorHideFlags: 0
  m_Script: {fileID: 11500000, guid: 9f1abb7d8c04a5148ac73f4e647151f9, type: 3}
  m_Name: 
  m_EditorClassIdentifier: 
  puzzleState: {fileID: 231155841874874307}
  stateOfPuzzle: 2
  modeOfTrigger: 1
  gameAction: {fileID: 231155841874874306}
--- !u!114 &231155841874874306
MonoBehaviour:
  m_ObjectHideFlags: 0
  m_CorrespondingSourceObject: {fileID: 0}
  m_PrefabInstance: {fileID: 0}
  m_PrefabAsset: {fileID: 0}
  m_GameObject: {fileID: 231155841874874305}
  m_Enabled: 1
  m_EditorHideFlags: 0
  m_Script: {fileID: 11500000, guid: 2f9aaa8be52477c479e9154e0b88d6e8, type: 3}
  m_Name: 
  m_EditorClassIdentifier: 
  sequenceLockFunction: {fileID: 231155841802902319}
  input: 3
--- !u!1 &231155841914948777
GameObject:
  m_ObjectHideFlags: 0
  m_CorrespondingSourceObject: {fileID: 0}
  m_PrefabInstance: {fileID: 0}
  m_PrefabAsset: {fileID: 0}
  serializedVersion: 6
  m_Component:
  - component: {fileID: 231155841914948772}
  - component: {fileID: 231155841914948779}
  - component: {fileID: 231155841914948773}
  - component: {fileID: 231155841914948778}
  m_Layer: 0
  m_Name: State2
  m_TagString: Untagged
  m_Icon: {fileID: 0}
  m_NavMeshLayer: 0
  m_StaticEditorFlags: 0
  m_IsActive: 1
--- !u!4 &231155841914948772
Transform:
  m_ObjectHideFlags: 0
  m_CorrespondingSourceObject: {fileID: 0}
  m_PrefabInstance: {fileID: 0}
  m_PrefabAsset: {fileID: 0}
  m_GameObject: {fileID: 231155841914948777}
  m_LocalRotation: {x: 0, y: 0, z: 0, w: 1}
  m_LocalPosition: {x: 0, y: 0, z: 0}
  m_LocalScale: {x: 1, y: 1, z: 1}
  m_Children: []
  m_Father: {fileID: 231155841802902313}
  m_RootOrder: 6
  m_LocalEulerAnglesHint: {x: 0, y: 0, z: 0}
--- !u!114 &231155841914948779
MonoBehaviour:
  m_ObjectHideFlags: 0
  m_CorrespondingSourceObject: {fileID: 0}
  m_PrefabInstance: {fileID: 0}
  m_PrefabAsset: {fileID: 0}
  m_GameObject: {fileID: 231155841914948777}
  m_Enabled: 1
  m_EditorHideFlags: 0
  m_Script: {fileID: 11500000, guid: 579806c0327b2eb46aa192e087fe344e, type: 3}
  m_Name: 
  m_EditorClassIdentifier: 
  state: 0
  biDirectional: {fileID: 7346603727429568724}
  lerpAnim: {fileID: 231155840480652477}
  stateOfLerpState: 1
--- !u!114 &231155841914948773
MonoBehaviour:
  m_ObjectHideFlags: 0
  m_CorrespondingSourceObject: {fileID: 0}
  m_PrefabInstance: {fileID: 0}
  m_PrefabAsset: {fileID: 0}
  m_GameObject: {fileID: 231155841914948777}
  m_Enabled: 1
  m_EditorHideFlags: 0
  m_Script: {fileID: 11500000, guid: 9f1abb7d8c04a5148ac73f4e647151f9, type: 3}
  m_Name: 
  m_EditorClassIdentifier: 
  puzzleState: {fileID: 231155841914948779}
  stateOfPuzzle: 2
  modeOfTrigger: 1
  gameAction: {fileID: 231155841914948778}
--- !u!114 &231155841914948778
MonoBehaviour:
  m_ObjectHideFlags: 0
  m_CorrespondingSourceObject: {fileID: 0}
  m_PrefabInstance: {fileID: 0}
  m_PrefabAsset: {fileID: 0}
  m_GameObject: {fileID: 231155841914948777}
  m_Enabled: 1
  m_EditorHideFlags: 0
  m_Script: {fileID: 11500000, guid: 2f9aaa8be52477c479e9154e0b88d6e8, type: 3}
  m_Name: 
  m_EditorClassIdentifier: 
  sequenceLockFunction: {fileID: 231155841802902319}
  input: 2
--- !u!1 &1705665806526302322
GameObject:
  m_ObjectHideFlags: 0
  m_CorrespondingSourceObject: {fileID: 0}
  m_PrefabInstance: {fileID: 0}
  m_PrefabAsset: {fileID: 0}
  serializedVersion: 6
  m_Component:
  - component: {fileID: 5884267733225041742}
  - component: {fileID: 1764538754539781661}
  - component: {fileID: 6050641763416346331}
  m_Layer: 0
  m_Name: Audio_click
  m_TagString: Untagged
  m_Icon: {fileID: 0}
  m_NavMeshLayer: 0
  m_StaticEditorFlags: 0
  m_IsActive: 1
--- !u!4 &5884267733225041742
Transform:
  m_ObjectHideFlags: 0
  m_CorrespondingSourceObject: {fileID: 0}
  m_PrefabInstance: {fileID: 0}
  m_PrefabAsset: {fileID: 0}
  m_GameObject: {fileID: 1705665806526302322}
  m_LocalRotation: {x: 0, y: 0, z: 0, w: 1}
  m_LocalPosition: {x: 0, y: 0, z: 0}
  m_LocalScale: {x: 1, y: 1, z: 1}
  m_Children: []
  m_Father: {fileID: 4757959348313294761}
  m_RootOrder: 1
  m_LocalEulerAnglesHint: {x: 0, y: 0, z: 0}
--- !u!82 &1764538754539781661
AudioSource:
  m_ObjectHideFlags: 0
  m_CorrespondingSourceObject: {fileID: 0}
  m_PrefabInstance: {fileID: 0}
  m_PrefabAsset: {fileID: 0}
  m_GameObject: {fileID: 1705665806526302322}
  m_Enabled: 1
  serializedVersion: 4
  OutputAudioMixerGroup: {fileID: -6034953690591518022, guid: 3c49f4f7329309f4680c6122bbef9bfd,
    type: 2}
  m_audioClip: {fileID: 8300000, guid: 1508a4e11446ff24e8e1ad5b4e851331, type: 3}
  m_PlayOnAwake: 0
  m_Volume: 1
  m_Pitch: 1
  Loop: 0
  Mute: 0
  Spatialize: 0
  SpatializePostEffects: 0
  Priority: 128
  DopplerLevel: 1
  MinDistance: 1
  MaxDistance: 500
  Pan2D: 0
  rolloffMode: 0
  BypassEffects: 0
  BypassListenerEffects: 0
  BypassReverbZones: 0
  rolloffCustomCurve:
    serializedVersion: 2
    m_Curve:
    - serializedVersion: 3
      time: 0
      value: 1
      inSlope: 0
      outSlope: 0
      tangentMode: 0
      weightedMode: 0
      inWeight: 0.33333334
      outWeight: 0.33333334
    - serializedVersion: 3
      time: 1
      value: 0
      inSlope: 0
      outSlope: 0
      tangentMode: 0
      weightedMode: 0
      inWeight: 0.33333334
      outWeight: 0.33333334
    m_PreInfinity: 2
    m_PostInfinity: 2
    m_RotationOrder: 4
  panLevelCustomCurve:
    serializedVersion: 2
    m_Curve:
    - serializedVersion: 3
      time: 0
      value: 0.5
      inSlope: 0
      outSlope: 0
      tangentMode: 0
      weightedMode: 0
      inWeight: 0.33333334
      outWeight: 0.33333334
    m_PreInfinity: 2
    m_PostInfinity: 2
    m_RotationOrder: 4
  spreadCustomCurve:
    serializedVersion: 2
    m_Curve:
    - serializedVersion: 3
      time: 0
      value: 0
      inSlope: 0
      outSlope: 0
      tangentMode: 0
      weightedMode: 0
      inWeight: 0.33333334
      outWeight: 0.33333334
    m_PreInfinity: 2
    m_PostInfinity: 2
    m_RotationOrder: 4
  reverbZoneMixCustomCurve:
    serializedVersion: 2
    m_Curve:
    - serializedVersion: 3
      time: 0
      value: 1
      inSlope: 0
      outSlope: 0
      tangentMode: 0
      weightedMode: 0
      inWeight: 0.33333334
      outWeight: 0.33333334
    m_PreInfinity: 2
    m_PostInfinity: 2
    m_RotationOrder: 4
--- !u!114 &6050641763416346331
MonoBehaviour:
  m_ObjectHideFlags: 0
  m_CorrespondingSourceObject: {fileID: 0}
  m_PrefabInstance: {fileID: 0}
  m_PrefabAsset: {fileID: 0}
  m_GameObject: {fileID: 1705665806526302322}
  m_Enabled: 1
  m_EditorHideFlags: 0
  m_Script: {fileID: 11500000, guid: 1d599f266874214409fe77df48f7d091, type: 3}
  m_Name: 
  m_EditorClassIdentifier: 
  audioSource: {fileID: 1764538754539781661}
--- !u!1 &4384946876159082285
GameObject:
  m_ObjectHideFlags: 0
  m_CorrespondingSourceObject: {fileID: 0}
  m_PrefabInstance: {fileID: 0}
  m_PrefabAsset: {fileID: 0}
  serializedVersion: 6
  m_Component:
  - component: {fileID: 7389663430375054380}
  m_Layer: 0
  m_Name: GameObject
  m_TagString: Untagged
  m_Icon: {fileID: 0}
  m_NavMeshLayer: 0
  m_StaticEditorFlags: 0
  m_IsActive: 1
--- !u!4 &7389663430375054380
Transform:
  m_ObjectHideFlags: 0
  m_CorrespondingSourceObject: {fileID: 0}
  m_PrefabInstance: {fileID: 0}
  m_PrefabAsset: {fileID: 0}
  m_GameObject: {fileID: 4384946876159082285}
  m_LocalRotation: {x: 0, y: 0, z: 0, w: 1}
  m_LocalPosition: {x: 0, y: 0, z: 0}
  m_LocalScale: {x: 1, y: 1, z: 1}
  m_Children: []
  m_Father: {fileID: 231155841802902313}
  m_RootOrder: 1
  m_LocalEulerAnglesHint: {x: 0, y: 0, z: 0}
--- !u!1 &5163740214811644890
GameObject:
  m_ObjectHideFlags: 0
  m_CorrespondingSourceObject: {fileID: 0}
  m_PrefabInstance: {fileID: 0}
  m_PrefabAsset: {fileID: 0}
  serializedVersion: 6
  m_Component:
  - component: {fileID: 3430627103762192807}
  - component: {fileID: 4135666523654054847}
  - component: {fileID: 1539705404944653431}
  m_Layer: 0
  m_Name: Audio_slide
  m_TagString: Untagged
  m_Icon: {fileID: 0}
  m_NavMeshLayer: 0
  m_StaticEditorFlags: 0
  m_IsActive: 1
--- !u!4 &3430627103762192807
Transform:
  m_ObjectHideFlags: 0
  m_CorrespondingSourceObject: {fileID: 0}
  m_PrefabInstance: {fileID: 0}
  m_PrefabAsset: {fileID: 0}
  m_GameObject: {fileID: 5163740214811644890}
  m_LocalRotation: {x: 0, y: 0, z: 0, w: 1}
  m_LocalPosition: {x: 0, y: 0, z: 0}
  m_LocalScale: {x: 1, y: 1, z: 1}
  m_Children: []
  m_Father: {fileID: 4757959348313294761}
  m_RootOrder: 2
  m_LocalEulerAnglesHint: {x: 0, y: 0, z: 0}
--- !u!82 &4135666523654054847
AudioSource:
  m_ObjectHideFlags: 0
  m_CorrespondingSourceObject: {fileID: 0}
  m_PrefabInstance: {fileID: 0}
  m_PrefabAsset: {fileID: 0}
  m_GameObject: {fileID: 5163740214811644890}
  m_Enabled: 1
  serializedVersion: 4
  OutputAudioMixerGroup: {fileID: -6034953690591518022, guid: 3c49f4f7329309f4680c6122bbef9bfd,
    type: 2}
  m_audioClip: {fileID: 8300000, guid: a23ff60b719cb7249b5e56033a2f64ee, type: 3}
  m_PlayOnAwake: 0
  m_Volume: 1
  m_Pitch: 2
  Loop: 0
  Mute: 0
  Spatialize: 0
  SpatializePostEffects: 0
  Priority: 196
  DopplerLevel: 1
  MinDistance: 1
  MaxDistance: 500
  Pan2D: 0
  rolloffMode: 0
  BypassEffects: 0
  BypassListenerEffects: 0
  BypassReverbZones: 0
  rolloffCustomCurve:
    serializedVersion: 2
    m_Curve:
    - serializedVersion: 3
      time: 0
      value: 1
      inSlope: 0
      outSlope: 0
      tangentMode: 0
      weightedMode: 0
      inWeight: 0.33333334
      outWeight: 0.33333334
    - serializedVersion: 3
      time: 1
      value: 0
      inSlope: 0
      outSlope: 0
      tangentMode: 0
      weightedMode: 0
      inWeight: 0.33333334
      outWeight: 0.33333334
    m_PreInfinity: 2
    m_PostInfinity: 2
    m_RotationOrder: 4
  panLevelCustomCurve:
    serializedVersion: 2
    m_Curve:
    - serializedVersion: 3
      time: 0
      value: 0.5
      inSlope: 0
      outSlope: 0
      tangentMode: 0
      weightedMode: 0
      inWeight: 0.33333334
      outWeight: 0.33333334
    m_PreInfinity: 2
    m_PostInfinity: 2
    m_RotationOrder: 4
  spreadCustomCurve:
    serializedVersion: 2
    m_Curve:
    - serializedVersion: 3
      time: 0
      value: 0
      inSlope: 0
      outSlope: 0
      tangentMode: 0
      weightedMode: 0
      inWeight: 0.33333334
      outWeight: 0.33333334
    m_PreInfinity: 2
    m_PostInfinity: 2
    m_RotationOrder: 4
  reverbZoneMixCustomCurve:
    serializedVersion: 2
    m_Curve:
    - serializedVersion: 3
      time: 0
      value: 1
      inSlope: 0
      outSlope: 0
      tangentMode: 0
      weightedMode: 0
      inWeight: 0.33333334
      outWeight: 0.33333334
    m_PreInfinity: 2
    m_PostInfinity: 2
    m_RotationOrder: 4
--- !u!114 &1539705404944653431
MonoBehaviour:
  m_ObjectHideFlags: 0
  m_CorrespondingSourceObject: {fileID: 0}
  m_PrefabInstance: {fileID: 0}
  m_PrefabAsset: {fileID: 0}
  m_GameObject: {fileID: 5163740214811644890}
  m_Enabled: 1
  m_EditorHideFlags: 0
  m_Script: {fileID: 11500000, guid: 1d599f266874214409fe77df48f7d091, type: 3}
  m_Name: 
  m_EditorClassIdentifier: 
  audioSource: {fileID: 4135666523654054847}
--- !u!1 &5996449884470508451
GameObject:
  m_ObjectHideFlags: 0
  m_CorrespondingSourceObject: {fileID: 0}
  m_PrefabInstance: {fileID: 0}
  m_PrefabAsset: {fileID: 0}
  serializedVersion: 6
  m_Component:
  - component: {fileID: 4757959348313294761}
  - component: {fileID: 7346603727429568724}
  m_Layer: 0
  m_Name: Dial
  m_TagString: Untagged
  m_Icon: {fileID: 0}
  m_NavMeshLayer: 0
  m_StaticEditorFlags: 0
  m_IsActive: 1
--- !u!4 &4757959348313294761
Transform:
  m_ObjectHideFlags: 0
  m_CorrespondingSourceObject: {fileID: 0}
  m_PrefabInstance: {fileID: 0}
  m_PrefabAsset: {fileID: 0}
  m_GameObject: {fileID: 5996449884470508451}
  m_LocalRotation: {x: -0, y: -0, z: -0, w: 1}
  m_LocalPosition: {x: 0, y: 0, z: 0}
  m_LocalScale: {x: 1, y: 1, z: 1}
  m_Children:
  - {fileID: 5684705397807029823}
  - {fileID: 5884267733225041742}
  - {fileID: 3430627103762192807}
  m_Father: {fileID: 231155840971829083}
  m_RootOrder: 0
  m_LocalEulerAnglesHint: {x: 0, y: 0, z: 90}
--- !u!114 &7346603727429568724
MonoBehaviour:
  m_ObjectHideFlags: 0
  m_CorrespondingSourceObject: {fileID: 0}
  m_PrefabInstance: {fileID: 0}
  m_PrefabAsset: {fileID: 0}
  m_GameObject: {fileID: 5996449884470508451}
  m_Enabled: 1
  m_EditorHideFlags: 0
  m_Script: {fileID: 11500000, guid: 0e8cf5090891b6d418be8f17da455f2f, type: 3}
  m_Name: 
  m_EditorClassIdentifier: 
  Collider: {fileID: 8659977639275688100}
  inspectable: {fileID: 1595101683998331854}
  HorizontalInput: {fileID: 231155841603222130}
  VerticalInput: {fileID: 231155840480652478}
  HorizontalLerp: {fileID: 231155841603222129}
  VerticalLerp: {fileID: 231155840480652477}
  ReleaseResetAnim: 1
--- !u!1 &6231770026772237052
GameObject:
  m_ObjectHideFlags: 0
  m_CorrespondingSourceObject: {fileID: 0}
  m_PrefabInstance: {fileID: 0}
  m_PrefabAsset: {fileID: 0}
  serializedVersion: 6
  m_Component:
  - component: {fileID: 8289757293808342249}
  m_Layer: 0
  m_Name: Base
  m_TagString: Untagged
  m_Icon: {fileID: 0}
  m_NavMeshLayer: 0
  m_StaticEditorFlags: 0
  m_IsActive: 1
--- !u!4 &8289757293808342249
Transform:
  m_ObjectHideFlags: 0
  m_CorrespondingSourceObject: {fileID: 0}
  m_PrefabInstance: {fileID: 0}
  m_PrefabAsset: {fileID: 0}
  m_GameObject: {fileID: 6231770026772237052}
  m_LocalRotation: {x: 0, y: 0, z: 0, w: 1}
  m_LocalPosition: {x: 0, y: 0, z: 0}
  m_LocalScale: {x: 1, y: 1, z: 1}
  m_Children:
  - {fileID: 5066426218772369272}
  m_Father: {fileID: 231155841802902313}
  m_RootOrder: 0
  m_LocalEulerAnglesHint: {x: 0, y: 0, z: 0}
--- !u!64 &8659977639275688100
MeshCollider:
  m_ObjectHideFlags: 0
  m_CorrespondingSourceObject: {fileID: 0}
  m_PrefabInstance: {fileID: 0}
  m_PrefabAsset: {fileID: 0}
  m_GameObject: {fileID: 8700805668835060780}
  m_Material: {fileID: 0}
  m_IsTrigger: 0
  m_Enabled: 1
  serializedVersion: 4
  m_Convex: 0
  m_CookingOptions: 30
  m_Mesh: {fileID: -7641098931766979987, guid: 9240207020fe22a4fb72856c05c6d731, type: 3}
--- !u!1001 &231155840139043938
PrefabInstance:
  m_ObjectHideFlags: 0
  serializedVersion: 2
  m_Modification:
    m_TransformParent: {fileID: 8289757293808342249}
    m_Modifications:
    - target: {fileID: -4216859302048453862, guid: 08f22c00ecdaac1419d649edc38902c8,
        type: 3}
      propertyPath: m_LocalPosition.x
      value: 0
      objectReference: {fileID: 0}
    - target: {fileID: -4216859302048453862, guid: 08f22c00ecdaac1419d649edc38902c8,
        type: 3}
      propertyPath: m_LocalPosition.y
      value: 0
      objectReference: {fileID: 0}
    - target: {fileID: -4216859302048453862, guid: 08f22c00ecdaac1419d649edc38902c8,
        type: 3}
      propertyPath: m_LocalPosition.z
      value: 0
      objectReference: {fileID: 0}
    - target: {fileID: -4216859302048453862, guid: 08f22c00ecdaac1419d649edc38902c8,
        type: 3}
      propertyPath: m_LocalRotation.x
      value: -0
      objectReference: {fileID: 0}
    - target: {fileID: -4216859302048453862, guid: 08f22c00ecdaac1419d649edc38902c8,
        type: 3}
      propertyPath: m_LocalRotation.y
      value: -0
      objectReference: {fileID: 0}
    - target: {fileID: -4216859302048453862, guid: 08f22c00ecdaac1419d649edc38902c8,
        type: 3}
      propertyPath: m_LocalRotation.z
      value: -0
      objectReference: {fileID: 0}
    - target: {fileID: -4216859302048453862, guid: 08f22c00ecdaac1419d649edc38902c8,
        type: 3}
      propertyPath: m_LocalRotation.w
      value: 1
      objectReference: {fileID: 0}
    - target: {fileID: -4216859302048453862, guid: 08f22c00ecdaac1419d649edc38902c8,
        type: 3}
      propertyPath: m_RootOrder
      value: 0
      objectReference: {fileID: 0}
    - target: {fileID: -4216859302048453862, guid: 08f22c00ecdaac1419d649edc38902c8,
        type: 3}
      propertyPath: m_LocalEulerAnglesHint.x
      value: 0
      objectReference: {fileID: 0}
    - target: {fileID: -4216859302048453862, guid: 08f22c00ecdaac1419d649edc38902c8,
        type: 3}
      propertyPath: m_LocalEulerAnglesHint.y
      value: -178.43301
      objectReference: {fileID: 0}
    - target: {fileID: -4216859302048453862, guid: 08f22c00ecdaac1419d649edc38902c8,
        type: 3}
      propertyPath: m_LocalEulerAnglesHint.z
      value: 0
      objectReference: {fileID: 0}
    - target: {fileID: -4216859302048453862, guid: 08f22c00ecdaac1419d649edc38902c8,
        type: 3}
      propertyPath: m_LocalScale.x
      value: 1
      objectReference: {fileID: 0}
    - target: {fileID: -4216859302048453862, guid: 08f22c00ecdaac1419d649edc38902c8,
        type: 3}
      propertyPath: m_LocalScale.z
      value: 1
      objectReference: {fileID: 0}
    - target: {fileID: -927199367670048503, guid: 08f22c00ecdaac1419d649edc38902c8,
        type: 3}
      propertyPath: m_Name
      value: Sequencelock_base
      objectReference: {fileID: 0}
    m_RemovedComponents: []
  m_SourcePrefab: {fileID: 100100000, guid: 08f22c00ecdaac1419d649edc38902c8, type: 3}
--- !u!4 &5066426218772369272 stripped
Transform:
  m_CorrespondingSourceObject: {fileID: -4216859302048453862, guid: 08f22c00ecdaac1419d649edc38902c8,
    type: 3}
  m_PrefabInstance: {fileID: 231155840139043938}
  m_PrefabAsset: {fileID: 0}
--- !u!1001 &231155841637817316
PrefabInstance:
  m_ObjectHideFlags: 0
  serializedVersion: 2
  m_Modification:
    m_TransformParent: {fileID: 231155841802902313}
    m_Modifications:
    - target: {fileID: 2668351957671356374, guid: 0230aed6768c31042ab37cadcf55377c,
        type: 3}
      propertyPath: m_Size.x
      value: 0.01
      objectReference: {fileID: 0}
    - target: {fileID: 2668351957671356374, guid: 0230aed6768c31042ab37cadcf55377c,
        type: 3}
      propertyPath: m_Size.y
      value: 0.04
      objectReference: {fileID: 0}
    - target: {fileID: 2668351957671356374, guid: 0230aed6768c31042ab37cadcf55377c,
        type: 3}
      propertyPath: m_Size.z
      value: 0.04
      objectReference: {fileID: 0}
    - target: {fileID: 6964698772617506116, guid: 0230aed6768c31042ab37cadcf55377c,
        type: 3}
      propertyPath: m_LocalRotation.x
      value: 0.18219222
      objectReference: {fileID: 0}
    - target: {fileID: 6964698772617506116, guid: 0230aed6768c31042ab37cadcf55377c,
        type: 3}
      propertyPath: m_LocalRotation.y
      value: 0.67604744
      objectReference: {fileID: 0}
    - target: {fileID: 6964698772617506116, guid: 0230aed6768c31042ab37cadcf55377c,
        type: 3}
      propertyPath: m_LocalRotation.z
      value: -0.1781475
      objectReference: {fileID: 0}
    - target: {fileID: 6964698772617506116, guid: 0230aed6768c31042ab37cadcf55377c,
        type: 3}
      propertyPath: m_LocalRotation.w
      value: 0.6913967
      objectReference: {fileID: 0}
    - target: {fileID: 6964698772617506116, guid: 0230aed6768c31042ab37cadcf55377c,
        type: 3}
      propertyPath: m_LocalPosition.x
      value: -0.0579
      objectReference: {fileID: 0}
    - target: {fileID: 6964698772617506116, guid: 0230aed6768c31042ab37cadcf55377c,
        type: 3}
      propertyPath: m_LocalPosition.z
      value: -0.0013
      objectReference: {fileID: 0}
    - target: {fileID: 6964698772617506116, guid: 0230aed6768c31042ab37cadcf55377c,
        type: 3}
      propertyPath: m_LocalPosition.y
      value: 0.0298
      objectReference: {fileID: 0}
    - target: {fileID: 6964698774203501993, guid: 0230aed6768c31042ab37cadcf55377c,
        type: 3}
      propertyPath: m_Name
      value: Inspection
      objectReference: {fileID: 0}
    - target: {fileID: 6964698774203501999, guid: 0230aed6768c31042ab37cadcf55377c,
        type: 3}
      propertyPath: m_LocalPosition.x
      value: 0
      objectReference: {fileID: 0}
    - target: {fileID: 6964698774203501999, guid: 0230aed6768c31042ab37cadcf55377c,
        type: 3}
      propertyPath: m_LocalPosition.y
      value: 0
      objectReference: {fileID: 0}
    - target: {fileID: 6964698774203501999, guid: 0230aed6768c31042ab37cadcf55377c,
        type: 3}
      propertyPath: m_LocalPosition.z
      value: 0
      objectReference: {fileID: 0}
    - target: {fileID: 6964698774203501999, guid: 0230aed6768c31042ab37cadcf55377c,
        type: 3}
      propertyPath: m_LocalRotation.x
      value: -0
      objectReference: {fileID: 0}
    - target: {fileID: 6964698774203501999, guid: 0230aed6768c31042ab37cadcf55377c,
        type: 3}
      propertyPath: m_LocalRotation.y
      value: -0
      objectReference: {fileID: 0}
    - target: {fileID: 6964698774203501999, guid: 0230aed6768c31042ab37cadcf55377c,
        type: 3}
      propertyPath: m_LocalRotation.z
      value: -0
      objectReference: {fileID: 0}
    - target: {fileID: 6964698774203501999, guid: 0230aed6768c31042ab37cadcf55377c,
        type: 3}
      propertyPath: m_LocalRotation.w
      value: 1
      objectReference: {fileID: 0}
    - target: {fileID: 6964698774203501999, guid: 0230aed6768c31042ab37cadcf55377c,
        type: 3}
      propertyPath: m_RootOrder
      value: 3
      objectReference: {fileID: 0}
    - target: {fileID: 6964698774203501999, guid: 0230aed6768c31042ab37cadcf55377c,
        type: 3}
      propertyPath: m_LocalEulerAnglesHint.x
      value: 0
      objectReference: {fileID: 0}
    - target: {fileID: 6964698774203501999, guid: 0230aed6768c31042ab37cadcf55377c,
        type: 3}
      propertyPath: m_LocalEulerAnglesHint.y
      value: 0
      objectReference: {fileID: 0}
    - target: {fileID: 6964698774203501999, guid: 0230aed6768c31042ab37cadcf55377c,
        type: 3}
      propertyPath: m_LocalEulerAnglesHint.z
      value: 0
      objectReference: {fileID: 0}
    m_RemovedComponents: []
  m_SourcePrefab: {fileID: 100100000, guid: 0230aed6768c31042ab37cadcf55377c, type: 3}
--- !u!114 &1595101683998331854 stripped
MonoBehaviour:
  m_CorrespondingSourceObject: {fileID: 1519907169805076522, guid: 0230aed6768c31042ab37cadcf55377c,
    type: 3}
  m_PrefabInstance: {fileID: 231155841637817316}
  m_PrefabAsset: {fileID: 0}
  m_GameObject: {fileID: 0}
  m_Enabled: 1
  m_EditorHideFlags: 0
  m_Script: {fileID: 11500000, guid: ddf6be3ffef44794a8d9f46117c0c737, type: 3}
  m_Name: 
  m_EditorClassIdentifier: 
--- !u!4 &7174990262772143691 stripped
Transform:
  m_CorrespondingSourceObject: {fileID: 6964698774203501999, guid: 0230aed6768c31042ab37cadcf55377c,
    type: 3}
  m_PrefabInstance: {fileID: 231155841637817316}
  m_PrefabAsset: {fileID: 0}
--- !u!1001 &837271225097073957
PrefabInstance:
  m_ObjectHideFlags: 0
  serializedVersion: 2
  m_Modification:
    m_TransformParent: {fileID: 4757959348313294761}
    m_Modifications:
    - target: {fileID: -4216859302048453862, guid: 9240207020fe22a4fb72856c05c6d731,
        type: 3}
      propertyPath: m_LocalPosition.x
      value: 0
      objectReference: {fileID: 0}
    - target: {fileID: -4216859302048453862, guid: 9240207020fe22a4fb72856c05c6d731,
        type: 3}
      propertyPath: m_LocalPosition.y
      value: 0
      objectReference: {fileID: 0}
    - target: {fileID: -4216859302048453862, guid: 9240207020fe22a4fb72856c05c6d731,
        type: 3}
      propertyPath: m_LocalPosition.z
      value: 0
      objectReference: {fileID: 0}
    - target: {fileID: -4216859302048453862, guid: 9240207020fe22a4fb72856c05c6d731,
        type: 3}
      propertyPath: m_LocalRotation.x
      value: 0
      objectReference: {fileID: 0}
    - target: {fileID: -4216859302048453862, guid: 9240207020fe22a4fb72856c05c6d731,
        type: 3}
      propertyPath: m_LocalRotation.y
      value: 0
      objectReference: {fileID: 0}
    - target: {fileID: -4216859302048453862, guid: 9240207020fe22a4fb72856c05c6d731,
        type: 3}
      propertyPath: m_LocalRotation.z
      value: 0
      objectReference: {fileID: 0}
    - target: {fileID: -4216859302048453862, guid: 9240207020fe22a4fb72856c05c6d731,
        type: 3}
      propertyPath: m_LocalRotation.w
      value: 1
      objectReference: {fileID: 0}
    - target: {fileID: -4216859302048453862, guid: 9240207020fe22a4fb72856c05c6d731,
        type: 3}
      propertyPath: m_RootOrder
      value: 0
      objectReference: {fileID: 0}
    - target: {fileID: -4216859302048453862, guid: 9240207020fe22a4fb72856c05c6d731,
        type: 3}
      propertyPath: m_LocalEulerAnglesHint.x
      value: 0
      objectReference: {fileID: 0}
    - target: {fileID: -4216859302048453862, guid: 9240207020fe22a4fb72856c05c6d731,
        type: 3}
      propertyPath: m_LocalEulerAnglesHint.y
      value: 0
      objectReference: {fileID: 0}
    - target: {fileID: -4216859302048453862, guid: 9240207020fe22a4fb72856c05c6d731,
        type: 3}
      propertyPath: m_LocalEulerAnglesHint.z
      value: 0
      objectReference: {fileID: 0}
    - target: {fileID: -927199367670048503, guid: 9240207020fe22a4fb72856c05c6d731,
        type: 3}
      propertyPath: m_Name
      value: Sequencelock_dial
      objectReference: {fileID: 0}
    m_RemovedComponents: []
  m_SourcePrefab: {fileID: 100100000, guid: 9240207020fe22a4fb72856c05c6d731, type: 3}
--- !u!4 &5684705397807029823 stripped
Transform:
  m_CorrespondingSourceObject: {fileID: -4216859302048453862, guid: 9240207020fe22a4fb72856c05c6d731,
    type: 3}
  m_PrefabInstance: {fileID: 837271225097073957}
  m_PrefabAsset: {fileID: 0}
--- !u!1 &8700805668835060780 stripped
GameObject:
  m_CorrespondingSourceObject: {fileID: -927199367670048503, guid: 9240207020fe22a4fb72856c05c6d731,
    type: 3}
  m_PrefabInstance: {fileID: 837271225097073957}
  m_PrefabAsset: {fileID: 0}
